1305 2308
296 222 615 269 SEc'r10
677 225 797 271 VII.
886 243 967 289 253

151 312 171 354 3
180 313 218 356 3.
247 298 414 356 Quibus
435 314 576 345 autem
598 300 734 347 urinae
757 305 770 325 ¹
792 304 970 351 divulsae

90 371 203 419 fiunt
227 409 241 431 ‚
275 374 325 419 iis
357 377 587 422 vehemens
618 388 680 424 est
711 380 757 425 in
793 397 969 442 corpore

87 450 288 497 turbatio.

145 542 215 586 34.
244 528 410 586 Quibus
444 532 544 576 verb
563 567 576 588 ‚
600 531 645 578 in
675 534 808 580 urinis
839 536 969 583 bussae

87 618 350 662 superstant,
368 608 386 630 ³
406 624 557 654 renum
580 611 821 657 affectiones
843 614 969 672 signi-

84 680 218 726 ficant
242 716 256 738 ,
294 686 334 728 ὃς
374 683 547 744 longam
580 687 668 733 fore
705 688 969 736 invaletudi-

84 773 202 804 nem.

144 849 213 895 35.
248 836 416 894 Quibus
450 852 592 885 autem
623 842 783 901 pingue
828 857 891 891 est
926 858 970 893 et

83 912 323 958 confertum
341 917 457 973 quod
475 932 741 977 supernatat,
756 921 821 966 his
843 924 970 982 affec-

83 989 215 1034 tiones
234 992 488 1050 nephriticas
501 1029 514 1051 ,
531 1009 572 1040 et
585 1010 725 1043 acutas
740 999 968 1057 signifieat.

142 1078 211 1135 36.
245 1078 408 1135 Quibus
420 1082 521 1125 verb
542 1116 554 1137 ‚
572 1084 821 1142 nephriticis
851 1088 966 1133 exis-

81 1154 270 1199 tentibus
283 1190 297 1212 ,
318 1157 520 1215 praedicta
539 1159 659 1218 signa
679 1162 880 1208 accidunt
893 1200 906 1221 ‚
922 1179 965 1211 et

81 1223 249 1276 dolores
269 1231 380 1279 cirea
398 1236 609 1281 musculos
625 1238 807 1296 spinales
826 1242 963 1299 fiunt,

79 1307 114 1351 si
152 1309 325 1366 quidem
365 1312 420 1357 ad
452 1313 545 1357 ioca
576 1316 783 1361 exteriora
814 1318 927 1364 fiunt
947 1354 963 1376 ,

80 1383 321 1431 abscessum
352 1390 543 1448 exspecta
576 1391 768 1438 futurum
797 1408 964 1441 extror-

80 1463 192 1508 sum.
227 1464 270 1508 Si
296 1467 397 1510 verb
425 1467 591 1513 dolores
619 1469 727 1514 fiant
753 1471 884 1530 magis
905 1474 965 1519 ad'

78 1538 252 1587 interna
271 1542 387 1599 loca,
409 1543 535 1589 etiam
562 1546 801 1593 abscessum
827 1550 960 1610 magis

78 1616 310 1665 introrsum
331 1621 418 1666 fore
440 1637 650 1683 exspecta.

140 1720 209 1768 37.
240 1708 327 1768 Qui
358 1712 609 1771 sanguinem
635 1715 655 1738 ἃ
683 1728 864 1762 vomunt
882 1749 896 1775 ,
923 1717 959 1762 si

705 1792 790 1839 Vv
