1305 2308
319 175 347 220 S
379 186 408 220 E
438 183 466 218 c
495 180 531 218 ’r
563 181 580 218 1
611 185 642 219 0
699 163 760 221 V.
873 185 955 236 ιγ’-7·

129 269 200 316 47.
217 258 230 279 ¹
253 252 297 299 Si
312 265 456 299 uterus
470 252 564 298 coxi
576 251 831 298 incumbens
849 267 952 311 sup—

48 367 53 377 „
71 344 244 392 puratus
275 331 403 376 fuerit
421 363 435 386 ,
469 345 638 376 necesse
675 343 736 374 est
765 328 955 374 mediea-

43 419 58 438 “
71 422 218 467 menta
237 408 282 453 in
303 408 438 453 iinteo
454 419 599 466 carpto
619 405 838 467 applicari.

47 505 63 575 ξ,-
127 508 198 566 48.
220 506 366 551 Foetus
386 538 400 562 ‚
421 520 557 550 mares
578 503 754 563 quidem
775 502 820 547 in
844 501 953 547 dex-

51 592 144 640 ⁴tris
157 627 171 651 ‚
186 592 373 639 foeminae
394 594 497 638 ver&
517 591 563 636 in
583 589 761 636 sinistris
777 589 928 649 magis.

55 706 59 713 ·
128 704 200 749 49.
226 689 287 736 Ut
310 688 509 734 secundae
530 687 731 734 excidant
751 721 764 743 ‚
787 699 958 732 sternu-

71 765 226 813 tatorio
248 765 388 811 indito
403 800 417 822 ‚
441 781 564 812 nares
586 777 628 810 et
648 780 694 810 os
714 764 957 824 apprehen-

30 885 44 894 ,,
69 843 172 890 dere
191 857 388 901 opportet.
452 821 492 906 s

132 955 199 1001 50.
230 938 408 986 Muiieri
431 951 649 984 menstrua
663 938 698 983 si
718 937 822 984 velis
838 936 960 982 cohi-

71 1017 175 1065 here
184 1053 196 1074 ,
205 1017 470 1063 cucurbitam
483 1032 610 1074 quam
629 1013 860 1060 maximam
871 1018 889 1041 ³
903 1012 960 1058 ad

72 1111 279 1141 mammas
298 1109 481 1153 appone.

131 1200 177 1243 5¹
188 1217 201 1229 .
224 1183 333 1242 Quae
350 1181 395 1227 in
409 1193 531 1226 utero
551 1191 704 1239 gerunt
717 1213 730 1236 ,
746 1178 900 1225 harum
913 1194 961 1225 os

69 1258 180 1325 uteri
200 1259 389 1305 eiausum
410 1269 487 1303 est.

135 1363 203 1408 52.
223 1345 400 1393 MuIieri
419 1345 464 1390 in
487 1355 610 1390 utero
626 1342 789 1402 gerenti
805 1341 840 1387 si
854 1341 960 1387 mul-

73 1438 167 1471 tum
186 1414 305 1471 iactis
321 1429 338 1450 ³
351 1441 402 1469 ex
414 1422 610 1468 mammis
619 1420 792 1466 fluxerit
804 1453 818 1477 ,
834 1419 961 1464 infir-

74 1519 194 1548 mum
218 1503 367 1547 foetum
384 1499 611 1558 significat.
627 1497 672 1544 Si
689 1499 792 1543 verb
812 1495 960 1541 solidae

73 1579 234 1626 fuerint
258 1593 482 1638 mammae,
505 1577 717 1625 saniorem
739 1575 889 1621 foetum
909 1573 961 1619 si-

75 1658 265 1718 gnificat.

710 1728 796 1790 Gg
