1305 2308
359 223 388 268 S
418 235 446 268 E
476 232 504 266 c
534 232 568 266 Τ
600 235 617 266 1
649 234 678 266 o
737 223 772 268 1.
938 242 983 270 11

113 302 230 348 victu
260 301 436 346 sufficiet
470 334 485 357 ,
521 301 533 322 ¹
571 301 592 334 b
614 313 656 345 et
686 317 740 346 an
774 301 888 360 prius
918 302 988 346 ifle

112 377 284 423 deficiet
307 412 320 434 ,
353 390 394 422 et
424 377 540 422 victu
566 393 654 422 non
682 378 863 424 sufficiet
884 413 896 435 ,
933 395 987 423 an

112 456 285 501 morbus
313 454 429 514 prius
456 454 627 500 deficiet
647 489 661 512 ,
691 469 732 501 et
768 456 987 501 obtunde-

111 544 195 578 tur.

172 626 240 655 10.
262 610 281 632 ‘¹
307 611 320 632 ¹
346 609 513 668 Quibus
542 609 670 668 igitur
696 609 837 654 statim
869 610 989 669 vigor

108 687 251 732 morbi
279 687 427 743 adest,
456 688 598 732 statim
626 688 810 732 tenuiter
831 687 988 732 aiendi.

109 763 280 821 Quibus
299 765 399 809 verb
421 764 466 809 in
484 778 699 824 posterum
720 765 839 823 vigor
854 799 866 821 ,
884 765 906 788 ²
922 764 988 809 his

110 839 167 885 ad
178 840 299 897 issud,
312 853 353 886 et
361 841 486 900 paulo
498 854 595 886 ante
609 841 715 886 iliud
729 857 880 900 tempus
894 842 989 887 sub-

110 917 382 964 trahendum.
403 920 547 963 Antea
562 920 663 963 vero
681 918 853 965 uberius
870 919 988 963 alen-

110 993 215 1039 dum
233 1029 246 1050 ‚
263 1007 311 1040 ut
330 995 511 1041 sufficiat
532 1011 658 1053 aeger.

186 1087 252 1115 11.
288 1072 301 1093 ¹
341 1072 392 1115 In
425 1071 816 1118 exacerbationibus
856 1074 986 1117 cibum

108 1147 387 1193 asubtrahere
398 1163 579 1207 oportet.
603 1148 817 1195 Exhibere
839 1150 954 1194 enim
972 1183 986 1206 ,

105 1224 283 1270 noxium
313 1238 389 1271 est.
422 1225 478 1270 Et
503 1243 767 1286 quaecunque
796 1243 871 1285 per
903 1227 986 1271 cir-

104 1301 243 1347 cuitus
263 1303 568 1349 exacerbantur
585 1339 598 1361 ,
626 1304 672 1349 in
701 1305 987 1350 exacerbatio-

106 1377 234 1424 nibus
253 1380 499 1427 subtrahere
521 1395 702 1442 oportet.

178 1478 243 1512 12.
277 1467 296 1490 ³
335 1469 348 1490 ¹
387 1468 741 1514 Exacerbationes
772 1481 913 1514 autem
944 1480 986 1513 et

107 1543 429 1590 constitutiones
457 1546 709 1592 indicabunt
732 1546 906 1604 morbi,
943 1558 986 1591 et

108 1622 212 1667 anni
229 1634 418 1682 tempora
441 1658 454 1680 ‚
479 1637 521 1669 et
547 1624 816 1684 periodorum
838 1623 893 1669 ad
912 1623 983 1667 in-

107 1696 247 1746 vicem
270 1701 419 1748 collata
442 1701 704 1749 incrementa
718 1736 733 1760 ‚
766 1701 852 1748 sive
877 1716 985 1760 quo-
