1305 2308
273 220 813 269 PRAEFArxo.
896 208 974 274 xiij

165 308 362 358 Utinam
384 305 499 353 verb
529 319 587 350 ex
615 300 693 349 ill&
718 317 823 365 quae
849 296 977 346 sum-

99 390 166 436 mi
187 386 289 435 Viri
318 382 536 450 operibus
560 380 750 445 propria
779 390 845 425 est
874 377 978 423 sim-

99 467 299 532 plicitate
316 500 330 523 ‚
345 461 403 510 ad
423 458 694 509 calcandum
714 458 800 504 iter
821 454 877 502 ab
896 452 978 501 illo

99 546 259 592 tiitum
282 538 552 589 accedantur
581 535 751 584 animi!
778 546 981 581 constet-

99 638 190 687 que
221 617 412 668 tandem
433 631 655 683 quaenam
680 615 737 661 sit
770 609 980 659 Philoso-

99 700 210 766 phia
243 696 432 745 Medica
461 712 566 760 quae
598 692 654 741 ab
692 688 982 739 evidentibus

99 777 317 824 inchoata
337 773 598 839 principiis,
629 768 753 816 rudis
774 767 982 832 primum

102 865 320 919 apparet,
353 863 398 897 et
417 848 652 907 titubans,
690 863 804 894 mox
825 842 910 892 ad
901 860 985 890 im-

103 950 290 983 mensos
319 929 610 998 progreditur
635 927 809 975 fructus
835 963 852 982 ‚
885 927 984 972 sine

103 1012 201 1061 ullo
225 1008 554 1075 hypotheseon
578 1004 718 1064 fuco,
751 1006 847 1051 sine
882 1001 983 1050 ullo

102 1088 355 1139 verborum
382 1084 499 1133 fastu
520 1122 536 1145 ‚
571 1082 718 1149 qualis
743 1083 862 1129 inter
879 1098 984 1128 ma-

103 1184 189 1216 nus
210 1163 328 1214 Coae
345 1161 528 1211 Scholae
554 1176 691 1227 atque
709 1160 984 1225 Hippocra-

102 1247 159 1293 tis
169 1241 392 1302 effloruit,
403 1241 512 1288 chm
524 1239 736 1287 nondum
752 1239 988 1285 intumue-

109 1334 211 1370 rant
236 1318 452 1385 superbi&
475 1316 645 1365 scholae
676 1354 691 1375 ‚
720 1330 764 1364 et
789 1313 986 1363 docendi

108 1397 252 1446 libido
268 1434 282 1456 ‚
297 1394 501 1445 discendi
517 1394 785 1444 aviditatem
804 1409 901 1440 non
916 1407 988 1439 ex-

106 1477 317 1524 tinxerat.

180 1551 370 1600 Errores
408 1550 529 1599 cert&
572 1567 677 1598 suos
719 1565 874 1614 passus
921 1559 987 1595 est

56 1653 58 1655 ·
111 1630 420 1695 Hippocrates
438 1665 452 1688 ‚
467 1644 552 1675 nec
567 1630 599 1675 ii
612 1644 767 1676 sumus
784 1627 988 1692 quicum

111 1705 249 1757 suida
271 1706 543 1757 arbitremur
559 1706 713 1771 ipsum
729 1718 990 1769 numquam

800 1798 826 1829 c
