1305 2308
234 210 316 268 258
389 207 616 252 H1PP.
675 201 991 246 Apnon.

231 284 531 331 difficustatcm
548 277 641 325 vini
661 290 785 337 potus
796 310 809 333 ‚
829 288 872 321 et
888 289 1010 321 venae
1027 287 1120 318 sec-

235 363 295 410 tio
312 362 450 408 solvit.
471 358 677 406 Secandae
694 356 798 403 verb
816 354 998 400 internae
1021 352 1125 411 (ve-

235 442 345 501 nae).
568 494 575 505 J

293 525 366 571 49.
403 508 479 554 Ab
510 504 671 566 angina
699 504 876 550 detento
910 512 1054 546 tumor
1087 507 1131 542 et

237 589 368 636 rubor
402 587 448 633 in
484 597 655 646 pectore
689 580 1024 642 superveniens,
1051 575 1134 621 bo-

238 684 346 713 num
365 683 376 711 :
399 665 509 710 forizs
528 663 645 708 enim
665 660 843 708 vertitur
863 657 1053 703 morbus.

302 765 370 812 50.
407 749 579 809 Quibus
621 747 847 794 cerebrum
888 749 900 769 ¹
941 739 1138 803 sphaceIo

242 831 371 877 fuerit
392 829 594 875 affectum
615 862 628 884 ‚
653 826 699 871 in
722 825 857 870 tribus
880 822 1033 868 diebus
1057 836 1137 880 pe-

243 921 403 956 reunt:
433 907 470 952 si
505 908 610 954 verb
649 905 726 951 hos
758 900 1015 962 effugerint,
1046 897 1141 945 sani

247 990 377 1036 fiunt.

310 1081 379 1127 51,
404 1067 415 1088 ¹
440 1061 704 1111 Sternutatio
726 1061 776 1105 fit
795 1076 846 1105 ex
867 1058 1004 1118 capite
1017 1091 1030 1114 ,
1045 1072 1146 1117 per-

246 1145 449 1192 calefacto
470 1142 647 1188 cerebro
661 1176 674 1198 ‚
698 1152 771 1185 aut
792 1138 1115 1198 perhumectato
1129 1168 1146 1190 ,

254 1223 362 1284 quod
391 1236 453 1267 est
477 1222 522 1266 in
552 1219 713 1280 capite,
739 1232 888 1264 vacuo.
917 1217 1008 1262 Αὲτ
1029 1213 1149 1260 enim

251 1301 326 1361 qui
348 1300 463 1346 intus
489 1312 551 1345 est
574 1314 701 1358 supra
731 1297 912 1342 modum
938 1294 998 1353 (ἱ.
1017 1310 1055 1339 c.
1072 1293 1144 1351 vi)

249 1380 362 1425 forhs
384 1375 638 1424 effunditur.
658 1378 677 1400 ²
696 1373 854 1434 Strepit
866 1384 1008 1418 autem
1021 1406 1034 1429 ‚
1050 1368 1151 1431 quia

251 1474 328 1518 per
349 1456 574 1514 angustum
594 1453 674 1514 ipsi
695 1465 759 1498 est
774 1451 995 1498 transitus.

313 1558 381 1606 52.
416 1542 586 1602 Quibus
610 1542 741 1602 hepar
760 1539 1038 1586 circumcirca
1059 1539 1144 1596 do-

258 1622 320 1669 {et
333 1658 345 1679 ,
370 1621 435 1669 his
457 1621 587 1669 febris
609 1620 914 1682 superveniens
929 1654 944 1680 ‚
962 1618 1154 1666 dolorem

257 1699 399 1748 SOIvit.
