1305 2308
340 196 373 242 S
405 208 433 243 Ε
464 210 492 242 c
521 207 555 241 T
587 210 604 242 1
635 210 665 244 ο
723 199 743 243 1
762 199 798 245 1.
934 218 985 260 4³

111 272 339 320 Notandus
358 276 523 320 rursum
546 273 734 323 decimus
758 273 984 335 septimus:

112 346 183 392 hie
203 346 317 392 enim
335 360 397 392 est
411 360 581 405 quartus
593 347 766 405 quidem
777 348 801 392 ὲ
811 347 993 394 decimo-

111 431 284 478 quarto,
305 420 509 479 septimus
525 421 625 465 verb
641 419 694 465 ab
717 420 960 465 undecimo,

167 504 236 550 25.
267 490 497 546 Quartanae
523 490 677 537 aestivae
700 494 718 516 ³
739 491 990 551 plerumque

107 566 221 611 fiunt
239 566 408 612 breves:
429 566 691 613 autumnales
707 569 807 613 vero
823 567 962 626 Iongae
974 603 988 624 ,

113 643 127 664 ¹
151 656 192 687 et
213 643 396 689 maxime
410 659 505 702 quae
521 660 652 703 prope
668 644 868 704 hyemem
880 645 989 691 inci-

108 718 233 766 dunt.

168 795 237 840 26.
264 799 275 821 ¹
299 796 483 842 Febrem
505 797 768 843 convulsioni
788 815 989 859 superve-

108 873 203 918 nire
216 874 364 920 melius
381 888 466 932 est,
488 879 508 902 ²
525 877 654 934 quem
670 876 987 922 convulsionem

105 948 234 994 febri.

163 1039 235 1085 27.
262 1026 274 1046 ¹
297 1025 397 1082 His,
412 1026 432 1048 ³
453 1041 548 1084 quae
567 1042 656 1073 non
677 1027 913 1073 seeundum
927 1044 988 1074 ra-

105 1104 269 1150 tionem
288 1105 431 1151 {evant
449 1140 462 1163 ,
491 1106 663 1152 eredere
684 1122 772 1152 non
793 1120 958 1167 oportet
971 1141 986 1164 ,

106 1197 247 1241 neque
263 1181 413 1228 timere
432 1183 555 1229 vaide
577 1200 672 1241 quae
692 1196 844 1243 praeter
859 1183 987 1229 ratio-

107 1273 209 1303 nem
229 1257 341 1303 fiunt
360 1274 500 1317 prava.
534 1257 677 1304 Multa
697 1259 812 1305 enim
832 1260 986 1306 horum

109 1345 208 1378 sunt
225 1332 506 1380 inconstantia
519 1369 531 1390 ‚
547 1351 627 1380 nee
638 1334 871 1382 admodum
884 1352 984 1395 per-

109 1425 305 1466 manere,
327 1427 465 1469 neque
485 1412 636 1459 durare
655 1413 805 1460 solent.

165 1494 237 1537 28.
258 1491 607 1540 Febricitantium
623 1512 712 1542 non
729 1495 906 1542 omnino
922 1496 984 1542 Ie-

108 1567 218 1613 viter
247 1571 260 1592 ¹
280 1584 525 1628 permanere
541 1606 555 1628 ‚
581 1584 623 1618 et
644 1570 750 1618 nihil
771 1570 983 1617 remittere

109 1660 258 1704 eorpus
269 1680 285 1704 ,
317 1647 337 1670 ²
358 1660 431 1693 aut
454 1648 578 1694 etiam
604 1648 737 1708 magis
758 1649 885 1706 quem
905 1664 982 1709 pro

737 1730 826 1791 <33
