1305 2308
218 206 306 252 294
418 193 601 238 HIPP.
648 193 937 240 Appflon.

217 284 260 315 et
283 270 442 331 pedum
480 270 648 330 frigidi,
683 274 890 317 contracti
912 307 925 330 ,
947 272 1016 318 vel
1038 288 1110 318 re-

216 348 359 406 missi,
376 362 559 394 mortem
586 349 631 394 in
657 349 901 409 propinquo
930 368 1014 396 esse
1045 367 1116 396 os-

213 427 416 473 tendunt.

275 522 342 564 13.
375 506 513 552 Labia
538 506 672 552 livida
694 541 708 562 ,
741 518 813 552 aut
839 505 966 551 etiam
992 522 1109 552 reso·

209 583 301 630 luta
329 597 371 630 et
403 585 571 631 inversa
601 620 614 642 ,
652 598 694 631 et
735 584 889 645 frigida
918 620 931 643 ,
964 585 1106 632 {etha-

208 662 280 708 iia.

273 754 339 798 14.
356 739 496 784 Aures
519 738 686 798 frigidae
702 775 714 796 ‚
729 739 956 799 pellucidae
972 775 985 798 ‚
1003 756 1110 786 con-

208 827 355 861 traetae
370 852 383 874 ‚
404 816 580 862 lethales
601 831 718 864 sunt.

272 911 337 956 15·
366 896 423 940 Et
445 895 715 942 tenebricosa&
750 896 961 957 vertigine
984 898 1108 944 {aho-

209 988 306 1017 rans
321 1008 333 1029 ‚
354 986 395 1018 et
411 974 554 1019 iucem
572 990 769 1020 aversans
787 1010 800 1032 ,
832 988 874 1021 et
892 992 1043 1022 somno
1057 992 1107 1023 ae

208 1049 361 1095 ardore
378 1051 513 1095 multo
527 1051 728 1097 detentus
740 1086 755 1110 ,
777 1052 1039 1112 desperatus.

270 1128 336 1173 16.
360 1129 416 1174 Et
437 1129 510 1188 qui
529 1129 573 1174 in
592 1130 756 1175 rabiem
772 1143 889 1176 actus
911 1133 1013 1177 furit
1030 1132 1106 1178 in-

203 1195 371 1255 trepidt'z
386 1231 399 1252 ‚
414 1210 458 1242 et
479 1214 567 1242 non
584 1198 775 1256 agnoscit
794 1234 806 1256 ,
823 1214 863 1244 et
878 1217 1018 1259 neque
1033 1218 1103 1248 au-

204 1264 270 1309 dit
281 1299 294 1321 ‚
309 1281 450 1324 neque
467 1266 669 1325 inteHigit
682 1302 694 1324 ,
705 1273 796 1323 jam
813 1268 1102 1316 moribundus

205 1346 281 1378 est.

265 1417 331 1462 17.
352 1399 575 1446 Morituris
588 1403 625 1446 si
627 1420 708 1460 gna
723 1402 817 1447 haee
832 1403 966 1463 magis
980 1405 1096 1452 fiunt

201 1479 448 1536 manifesta,
471 1493 513 1525 et
532 1493 703 1527 ventres
722 1481 978 1529 attolluntur
994 1518 1008 1541 ,
1031 1495 1098 1529 at-

200 1574 286 1617 que
307 1557 529 1605 inflantur.

265 1638 329 1681 18.
362 1636 595 1682 Terminus
626 1639 730 1686 veri)
761 1639 911 1686 mortis
949 1654 1036 1698 est,
1061 1642 1096 1687 si

197 1712 355 1760 animae
376 1715 491 1763 cedor
516 1717 643 1776 supr&
663 1717 919 1766 umbilicum
945 1719 1001 1767 ad
1028 1719 1093 1766 10-
