1305 2308
280 205 338 252 34
421 188 651 234 H1PP.
710 182 1020 228 APnon.

288 254 291 259 V
335 283 380 328 7.
407 265 517 324 Quae
532 263 662 320 longo
677 271 870 319 tempore
887 266 1171 304 extenuantur

281 360 483 406 corpora,
501 342 618 388 iente
639 340 816 385 reficere
831 348 1020 396 oportet:
1043 337 1055 358 ¹
1077 349 1172 394 quae

281 424 383 470 vero
405 419 551 476 brevi,
572 415 778 464 celeriter.

343 512 386 556 8.
414 508 459 555 Si
487 509 513 554 ὲ
536 505 689 553 morbo
713 504 859 551 cibum
886 503 979 563 quis
1005 500 1177 562 capiens

283 606 377 638 non
403 586 629 634 roboretur
648 617 662 641 ,
690 582 854 629 indicat
885 597 1037 640 corpus
1063 579 1176 626 ube-

285 668 390 716 riori
409 666 612 713 alimento
634 662 712 709 uti.
736 661 780 708 Si
795 661 898 706 vero
918 659 1064 704 cibum
1086 673 1177 702 non

289 743 476 806 capienti
504 743 587 788 hoc
622 740 791 786 eveniat
808 773 821 794 ‚
851 740 872 762 2
909 734 1181 784 evacuatione

291 839 397 884 opus
421 821 580 867 habere
598 833 720 864 nosse
739 826 920 876 oportet.

351 918 395 963 9.
428 898 646 957 Corpora,
671 893 749 941 ubi
787 893 880 953 quis
904 905 1085 952 purgare
1106 905 1186 935 vo-

292 968 446 1025 luerit,
467 965 588 1011 facile
612 960 790 1009 fluentia
806 960 986 1006 reddere
1003 968 1189 1019 oportet.
1238 975 1249 995 2

361 1073 428 1105 10.
455 1055 628 1114 Impura
648 1066 825 1110 corpora
851 1049 936 1107 quo
963 1045 1096 1105 magis
1113 1060 1199 1091 nux

295 1125 490 1180 triveris,
511 1123 560 1167 eo
584 1118 716 1178 magis
733 1116 878 1163 laedes.

362 1230 378 1258 1
393 1229 430 1258 1.
446 1207 630 1256 Facilius
644 1218 706 1253 est
724 1203 876 1266 repleri
893 1216 997 1263 potu
1024 1207 1042 1230 ³
1061 1217 1189 1261 quam

302 1279 416 1327 cibo.

367 1393 433 1424 12.
464 1377 573 1436 Quae
593 1375 640 1421 in
666 1371 826 1420 morbis
856 1369 947 1430 post
973 1367 1116 1413 crisim
1138 1383 1197 1412 re-

303 1456 574 1517 linquuntur,
595 1460 609 1481 ¹
627 1458 646 1481 ³
663 1451 869 1500 recidivas
887 1449 1023 1494 facere
1043 1439 1195 1493 soIent.

373 1631 438 1674 ¹3·
465 1611 634 1672 Quibus
653 1609 770 1656 crisis
793 1609 845 1653 fit
864 1641 878 1663 ,
904 1605 970 1651 his
993 1619 1078 1649 nox
1100 1613 1199 1646 ante

309 1691 679 1740 exacerbationem
717 1685 854 1750 gravis
893 1695 955 1733 est
988 1699 1001 1728 ε
1042 1683 1062 1706 ²
1096 1677 1201 1726 sub-
