1305 2308
318 185 998 238 PRAEFAT10.ix

136 273 351 322 brevibus
367 276 486 323 notis
496 274 552 322 ad
565 274 895 324 Recentiorum
911 293 1007 324 sen=

136 369 241 399 sum
270 353 549 417 explananda
586 355 844 402 existimavi
873 373 888 414 3
918 354 1005 401 alia

136 430 250 477 verb
292 432 511 498 attingere
550 430 676 479 nefas
710 434 1005 497 putaverim,

131 508 264 573 ‘qubd
284 507 361 556 illa
376 526 482 556 cum
498 511 687 559 veritate
710 524 755 558 et
774 511 1005 575 experien-

134 586 199 634 ti&
228 604 478 635 consonare
497 624 511 647 ‚
545 586 645 634 haec
677 587 791 635 verb
823 589 1007 652 utrique

135 681 390 732 repugnare
429 663 560 712 facile
600 664 844 713 videantur
872 701 890 722 ,
927 664 1006 712 vel

135 741 223 789 illis
251 744 330 806 qui
364 741 648 790 Medicinam
677 743 838 806 primis
871 741 1009 789 labris

137 819 489 885 degustaverint.
548 818 770 867 Praeterea
807 833 1008 867 temera-

137 897 259 944 rium
292 896 408 944 mihi
446 895 602 944 fuisset
632 934 646 955 ,
676 899 1008 944 commentaria

135 972 347 1022 affectare
362 1010 377 1032 ‚
400 972 494 1037 jam
516 974 650 1021 toties
668 974 715 1018 in
733 972 856 1021 hunc
872 973 1009 1021 libel-

135 1051 234 1100 lum
256 1049 375 1098 edita
389 1087 403 1109 ‚
420 1051 524 1097 cim]
544 1049 570 1097 ὲ
587 1064 820 1098 renovatae
835 1042 1007 1098 Theo-

132 1130 213 1177 riae
231 1126 429 1176 Medicae
444 1126 730 1191 temporibus
747 1164 761 1186 ,
791 1126 943 1192 plures
962 1140 1010 1175 et

135 1218 267 1253 aetate
284 1220 329 1253 et
345 1203 551 1270 doctrin&
566 1204 764 1271 insignes
781 1241 798 1261 ,
828 1203 1009 1269 Apho-

132 1285 301 1332 rismos
332 1280 630 1347 Hippocratis
664 1283 1008 1329 commentariis

131 1358 302 1408 fuerint
333 1360 597 1423 prosecuti,
635 1375 835 1423 quorum
871 1358 1009 1422 capiti

133 1434 282 1484 'multa
316 1452 424 1483 cum
459 1434 591 1484 laude
627 1435 881 1483 haerentem
918 1452 1007 1483 co·-

133 1532 298 1562 ronam
342 1512 576 1561 detrahere
616 1513 875 1560 institutum
908 1530 1007 1559 non

133 1604 230 1639 erat
247 1590 372 1650 3imb
389 1589 546 1638 contra}
561 1590 726 1656 quibus
744 1588 910 1653 justam
928 1607 1002 1638 re-

130 1667 330 1734 pendere
347 1666 531 1720 laudem
545 1705 560 1730 ,
575 1680 626 1718 ut
638 1665 891 1734 jucundum
906 1705 920 1728 ‚
938 1669 1001 1718 sic

794 1744 828 1795 b
