1305 2308
313 238 857 287 PRAEFAT10.
942 232 1020 278 xix

205 326 392 375 Desunt
409 339 566 372 tamen
591 323 699 370 huic
723 334 892 368 nostrae
910 317 1025 366 Edi-

139 406 256 453 tioni
284 442 298 464 ‚
327 421 431 470 quae
461 400 598 449 simul
627 399 814 447 venales
844 408 1024 462 prosta-

139 484 251 531 bant
271 519 285 541 ‚
317 481 495 529 selectae
519 480 544 526 ὲ
569 475 710 526 Celso
740 474 988 524 Sententiae
1010 507 1027 528 ‚

132 561 248 625 ‘quia
275 558 448 606 scilicet
478 555 724 622 indignum
751 550 924 601 credidi
944 549 1031 597 ele-

141 637 461 703 gantissimum
498 632 760 681 Auctorem
806 631 869 677 sic
909 644 1029 675 con-

140 727 338 762 tractum
365 711 610 769 exhibere,
641 708 891 772 favereque
922 704 1031 751 illo-

143 806 250 837 rum
297 787 482 836 desidiae
521 788 602 851 qui
648 785 751 850 plus
797 783 950 831 verbis
985 797 1033 829 se

148 865 292 932 quam
317 864 451 912 rebus
471 863 711 912 delectant.
733 860 921 909 Norunt
933 860 1034 907 her-

146 942 216 991 cle
233 960 386 991 rerum
399 940 690 989 Medicarum
708 940 860 1006 gnari,
874 938 1035 1002 quanti

146 1022 204 1068 sit
230 1021 363 1084 pretii
389 1016 581 1075 Celsu5‚
608 1017 835 1082 quanthm
866 1031 1035 1062 merea-

146 1111 222 1145 tur
235 1134 248 1156 ,
269 1097 348 1161 qui
369 1111 465 1143 non
489 1093 631 1141 semel
650 1131 664 1153 ‚
685 1091 765 1142 sed
780 1092 848 1140 bis
862 1129 878 1152 ‚
903 1106 947 1138 et
966 1105 1036 1138 ter

146 1174 323 1241 legatur
352 1175 542 1239 integer.
595 1170 735 1219 Hunc
771 1170 935 1218 adeant
967 1171 1035 1216 ti·-

149 1268 288 1298 rones
305 1287 320 1309 ‚
356 1250 480 1297 hunc
501 1247 833 1297 commendent
850 1246 1038 1314 profes-

152 1345 291 1376 sores,

217 1403 317 1453 Nec
341 1402 596 1468 jucundum
623 1404 777 1451 minhs
807 1404 1034 1451 existima-

152 1485 202 1532 vi
229 1482 476 1530 concordia
510 1480 810 1546 Hippocratis
841 1480 944 1527 loca
977 1478 1034 1526 ab

152 1557 466 1607 Almeloveen
480 1560 614 1606 citata
627 1557 684 1605 ad
700 1555 917 1621 cujusque
935 1573 1037 1604 sec-

152 1637 290 1684 tionis
303 1635 473 1683 calcem
484 1673 498 1694 ,
509 1636 632 1700 prihs
649 1651 862 1698 expensa,
878 1633 975 1680 imi>
994 1645 1040 1680 et

155 1727 286 1767 aucta
299 1712 539 1781 ablegare3
567 1710 694 1778 quod
713 1725 763 1760 ut
778 1709 1039 1778 Typogra--²
