1305 2308
251 205 336 267 278
539 203 831 250 No‘rAE

249 300 318 324 =
338 283 350 304 ¹
379 290 499 326 Coae.
528 297 583 333 v,
618 295 695 337 13,
723 295 786 334 14.
813 305 880 314 -—
910 281 1014 324 Vide
1037 297 1144 326 van-

251 341 432 382 Swieten
446 372 457 391 ,
486 351 520 382 t.
537 338 566 392 ij
584 368 596 390 ,
614 353 656 393 p.
674 339 768 393 338.
810 338 815 344 “

304 451 468 493 Scilicet
481 450 596 491 adest
613 449 719 490 vasis
742 449 994 490 excernenda
1010 458 1146 490 trans-

250 507 505 549 mittentibus
530 504 671 546 laxitas
688 515 730 546 et
760 505 916 554 titonia,
931 505 1023 546 hinc
1050 519 1145 546 cru-

249 565 395 605 dorum
416 562 605 603 effluxus.

306 674 498 715 APHOR.
532 668 692 711 XXXI
711 670 724 690 ¹
750 669 926 710 Praenot.
940 669 1007 722 xj,
1023 685 1064 723 7.
1078 695 1145 704 --

250 731 377 773 Coae.
413 729 471 781 ij,
502 739 608 781 1993
637 740 694 773 Χ,
729 739 777 765 12
804 757 816 774 ,
849 725 936 775 64,
967 724 1035 778 65.
1061 749 1144 760 .-.

256 787 364 827 Vide
391 781 678 825 savonarolam
701 779 751 819 de
781 779 900 821 Urin.
933 794 1026 846 pag.
1034 795 1149 844 700,

247 841 442 895 Prosper.
461 837 598 898 Alpin
630 835 680 875 de
706 834 982 891 praesagienda
1005 835 1090 878 vita
1106 846 1150 878 et

248 907 412 946 morte,
442 894 512 935 lib.
534 892 614 945 vij,
638 904 725 944 cap.
755 903 819 946 13.

309 1008 505 1048 APHOR.
537 1001 717 1041 XXXII.
741 999 868 1042 coac.
882 1014 933 1050 v,
951 999 976 1041 6
993 1031 1005 1050 ,
1029 1000 1150 1041 8,-

249 1062 285 1105 1.
301 1061 441 1103 Morb.
458 1057 567 1109 xxvij
587 1089 598 1108 ,
614 1057 683 1098 28.
700 1079 768 1086 —-
787 1056 901 1097 Vict.
920 1056 1045 1097 Acut.
1062 1057 1120 1098 liv
1132 1087 1146 1108 ,

254 1135 296 1174 5.
285 1114 518 1160 .==³Ce1.
535 1113 590 1167 ij,
618 1125 674 1166 5,
697 1125 738 1165 p.
766 1124 846 1165 53,
858 1110 971 1151 126.

307 1233 458 1274 Acrem
482 1226 638 1269 scilicet
659 1224 872 1280 designant
890 1233 934 1264 et
950 1225 1069 1265 valde
1087 1224 1154 1265 bi·
1210 1259 1216 1265 ,

250 1288 394 1330 liosam
407 1283 614 1325 materiam
633 1282 692 1321 in
677 1291 741 1320 us
760 1279 966 1334 grassari,
983 1294 1070 1333 quae
1087 1281 1152 1320 in..

249 1343 428 1385 flammet
461 1352 574 1378 vasa.
626 1337 731 1378 Vide
771 1335 1058 1374 Savonarolam
1098 1335 1152 1376 de

251 1399 372 1439 Utin.
393 1410 435 1449 p.
453 1393 561 1446 677,
591 1392 702 1445 6793
732 1389 838 1430 und&
858 1389 1046 1432 ardentes
1064 1391 1153 1432 uri-

253 1468 315 1496 nae
331 1460 550 1498 vocantur,
569 1422 740 1496 ibidem,
757 1459 798 1500 p.
815 1444 913 1487 680.

313 1563 505 1605 Arnon.
532 1555 731 1598 XXXIII.
775 1553 957 1596 ¹Coac.
988 1569 1043 1603 v,
1076 1569 1150 1611 15,

265 1619 342 1668 16,
360 1617 428 1671 76.
450 1612 608 1657 —IV.
634 1612 751 1667 Epid.
769 1609 841 1663 vj,
868 1622 940 1662 14,
971 1623 1036 1666 19.

320 1725 576 1770 Crudissimae
603 1732 698 1766 sunt
724 1735 774 1764 ex
790 1719 942 1776 urinis,
965 1736 1054 1777 quae
1067 1736 1151 1764 non
