1305 2308
328 219 382 278 38
467 216 695 263 ΗιΡΡ.
753 218 1062 266 Apnon.

386 310 454 356 19.
477 295 720 341 Acutorum
741 295 993 342 morborum
1015 314 1104 343 non
1120 313 1216 343 om-

325 372 432 418 nino
452 375 472 398 ³
489 384 592 418 tutae
612 385 712 418 sunt
732 372 1031 431 praedictiones
1047 408 1061 432 ‚
1075 391 1217 434 neque

327 450 476 496 mortis
495 485 510 508 ‚
541 467 683 510 neque
704 450 909 498 sanitatis.

384 545 456 578 20.
496 527 665 588 Quibus
690 563 703 586 ,
723 529 860 575 adum
882 542 982 575 sunt
1004 529 1182 588 juvenes
1199 564 1215 587 ,

329 608 412 654 aIvi
436 621 535 654 sunt
554 607 747 653 humidae
767 642 780 664 ‚
813 608 864 652 iis
898 608 1219 654 senescentibus

329 685 556 731 siccantur.
577 684 747 744 Quibus
767 686 892 741 vero,
913 685 1020 730 dum
1035 699 1134 730 sunt
1149 685 1220 742 ju-

332 779 462 810 venes
475 798 489 820 ‚
510 763 594 808 alvi
615 777 715 807 sunt
736 761 858 808 siccae
870 796 886 820 ‚
907 761 974 807 his
994 778 1221 808 senescen-

335 839 450 886 tibus
466 836 783 886 humectantur.

391 931 462 964 21.
483 919 502 941 ³
523 919 703 963 Famem
723 916 815 963 vini
834 916 952 977 potio
967 916 1108 962 soivit.

392 1008 464 1041 22.
479 998 491 1018 ¹
510 1000 528 1022 ³
540 996 585 1040 A
599 995 833 1055 repletione
848 996 1094 1054 quicunque
1109 995 1225 1041 fiunt

335 1071 502 1128 morbi,
525 1072 799 1117 evacuatione
821 1087 1025 1118 sanantur
1041 1091 1055 1129 3
1074 1087 1116 1119 et
1135 1071 1226 1131 qui-

337 1167 508 1210 cunque
538 1150 593 1195 ab
617 1153 891 1197 evacuatione
912 1188 926 1211 ,
957 1151 1225 1211 repletione:

338 1231 358 1254 ²
382 1242 424 1274 et
445 1228 625 1273 afiorum
647 1229 921 1274 contrarietas
947 1244 1081 1274 sanat.

393 1321 465 1365 23.
493 1306 619 1351 Acuti
656 1307 796 1353 morbi
828 1307 875 1353 in
901 1305 1227 1367 quatuordecim

339 1382 492 1430 diebus
511 1384 772 1442 judicantur.

394 1475 464 1521 24.
476 1462 763 1522 Septimorum
781 1467 982 1522 aquartus
998 1476 1059 1508 est
1078 1461 1227 1515 index,

339 1539 530 1588 Alte-rius
556 1541 805 1601 septimanae
824 1554 998 1586 octavus
1039 1555 1108 1593 est,
1135 1540 1226 1585 ini-

341 1621 464 1668 tium.
498 1623 728 1668 Notandus
756 1623 859 1669 vero
889 1621 1167 1667 undecimus:
1191 1621 1227 1667 is

343 1699 459 1746 enim
479 1714 652 1759 quartus
682 1714 744 1748 est
773 1700 941 1747 asterius
962 1698 1225 1758 septimanae.
