1305 2308
178 216 249 250 ῙΝ
293 204 713 250 Sssc‘ronEM
754 202 813 249 V.
855 217 965 262 203-

53 283 219 324 vcumbat
243 294 398 323 uterum
416 312 426 332 ,
454 281 523 321 sed
542 281 634 321 dum
651 280 775 321 vicina
795 281 941 334 premit

48 348 105 383 ,et
119 348 259 392 urget,
287 338 336 377 ad
359 338 484 388 ipsum
509 350 636 388 usque
662 346 821 375 uterum
839 349 938 388 per-

48 391 436 485 .tinguntdponderis,
450 389 660 444 aliquando
675 391 870 437 immensi,
881 389 942 429 in-

40 460 215 487 commo
248 461 283 486 a.

115 530 305 571 APHOR.
332 526 505 568 XLVII.
531 529 676 568 Natur.
692 526 800 567 Mul.
815 525 853 576 vj
876 557 886 576 ,
902 539 943 578 5.

36 623 37 626 ,
61 585 188 624 -1.
205 584 316 624 Mor.
335 583 442 622 Mul.
462 582 546 633 xci,
565 596 622 635 32.
643 583 787 621 --1l.
803 581 946 621 Morb.

61 639 168 680 Mul.
190 639 303 687 xxix,
327 651 362 689 5.
382 652 449 674 =
472 636 484 656 ¹
507 639 651 678 Natur.
669 637 772 676 Mul.
788 635 856 688 viij
876 666 888 684 ‚
905 647 944 675 1.

61 716 144 729 --
170 693 270 735 Vide
287 691 563 733 van-Swieten
575 722 586 741 ,
601 701 632 730 t.
647 692 686 731 iv
701 722 713 742 ,
726 705 766 744 p.
786 704 876 743 550.

119 792 242 832 Error
268 789 331 830 hic
354 789 507 830 maximi
533 788 722 828 momenti
748 787 786 826 in
809 798 948 826 omnes

62 846 148 887 fer&
171 845 371 886 versiones
396 844 508 898 quasi
533 843 754 883 consenuit.
790 841 946 890 ἕμμοἿον

63 901 305 954 Ίωέσϊαὺςξε
320 909 484 939 notante
500 898 718 947 Martiano,
734 909 814 936 non
830 894 949 934 aliter

63 955 235 1008 intelligi
267 964 401 1007 potest
436 954 508 993 nisi
540 967 686 992 necesse
722 962 782 990 est
802 963 878 1003 pus
904 950 949 986 in

67 1024 166 1049 cava
198 1008 346 1061 efficndi
370 1021 481 1059 :quo
517 1020 638 1047 sensu
669 1004 823 1056 ἔμμοἿοι
838 1001 944 1054 apud

65 1063 353 1116 Hippocratem
391 1061 604 1108 dicuntur,
631 1058 696 1112 qui
725 1070 824 1110 pure
846 1056 949 1096 intra

65 1119 218 1159 viscera
239 1115 364 1156 affuso
383 1116 688 1167 colliquescunt.
717 1112 837 1151 Hunc
853 1124 950 1150 sen-

66 1186 156 1213 sum
171 1170 413 1211 collaudavit
425 1169 568 1217 Hafe'n3
587 1168 704 1207 aliter
721 1164 948 1220 propositio

67 1228 223 1266 nullum
248 1224 367 1265 offert
395 1224 628 1263 rationalem
647 1235 819 1262 sensum.
848 1219 952 1259 Vide

67 1281 192 1334 Hipp.
211 1280 260 1319 de
279 1279 390 1318 artic.
415 1279 464 1318 de
484 1277 630 1317 morbis
651 1275 861 1314 mulierum
880 1273 949 1313 lib.

68 1349 95 1376 2
112 1367 122 1385 ,
140 1345 182 1374 et
203 1348 290 1388 quae
318 1332 436 1372 docto
459 1331 658 1385 congessit
691 1329 729 1367 in
762 1329 866 1368 hunc
889 1328 953 1367 lo-

70 1404 159 1431 cum
178 1390 359 1441 exempla
374 1387 439 1427 CI.
456 1387 501 1426 de
516 1385 773 1428 Villebrune.

125 1497 315 1537 Apuon.
334 1494 524 1536 XLVIII.
543 1492 646 1547 Aph.
661 1507 711 1539 v,
729 1490 794 1545 38.
821 1512 875 1519 —
899 1488 954 1529 11.

71 1552 256 1594 Praedict.
273 1551 391 1591 xxxiv
406 1581 416 1599 ‚
440 1562 509 1598 10,
529 1561 592 1589 11.
610 1571 663 1577 -—
684 1547 736 1586 ΙΙ.
752 1543 924 1598 Epid.vj
938 1573 951 1594 ,

75 1619 141 1661 32.
162 1630 216 1636 ——
240 1604 460 1658 Superfoet.
479 1603 597 1656 xviij,
618 1615 666 1642 10
681 1632 692 1652 ‚
711 1614 754 1640 11
774 1630 785 1650 ,
805 1611 867 1639 12.

128 1694 317 1736 APHOR.
333 1690 481 1733 XLIX.
497 1689 604 1745 Aph.
619 1704 668 1739 v,
684 1700 749 1743 35.
762 1708 817 1716 —
830 1689 950 1728 Coae.

910 1837 918 1854 Ι
