1305 2308
237 201 302 237 IN
344 189 733 236 Sancus-M
772 187 866 234 111.
932 200 989 249 95

108 275 307 322 pestatem
324 268 590 316 comitantur3
615 267 780 308 madidis
800 267 992 307 advolans

109 322 185 362 alis
212 324 346 364 Notus
377 334 516 363 aestum
530 322 649 362 simul·
661 332 702 362 et
713 321 989 362 humiditatem

109 375 257 427 infert,
282 376 385 417 unde
416 377 524 417 fibris
554 377 694 416 laxitas
714 407 726 427 ,
757 376 993 416 humoribus

112 432 327 471 metuenda
340 432 528 485 putredo.
541 431 690 472 Boreas
705 432 847 471 contra
860 429 993 470 omnia

111 484 207 539 gelu
217 486 452 540 constringit
467 517 479 534 ,
491 485 609 527 fibras
622 485 841 539 compingit
855 495 897 524 et
911 484 992 523 hu·

111 553 261 582 mores.
298 539 359 581 Ex
392 540 500 580 hisce
529 540 722 594 primariis
766 535 993 580 secundarii

109 592 279 635 effectus
292 595 489 635 variarum
505 595 608 635 a'e'ris
627 594 956 635 constitutionum
977 622 993 639 ‚

107 649 269 701 quoties
296 663 372 689 nec
396 650 532 689 debito
560 649 699 689 ordine
715 649 870 689 variant
888 678 900 697 ,
916 659 992 687 nec

107 712 224 743 certo
241 714 424 757 tempore
439 704 510 744 sibi
527 703 747 744 succedunt
761 734 772 753 ,
787 702 902 742 facile
919 702 992 741 de-

108 756 338 807 ducuntur3
360 757 481 799 modo
500 789 512 808 ,
537 756 629 797 dum
656 757 892 797 mechanicae
920 769 992 795 ac·-

106 812 207 851 tioni
226 812 363 852 harum
378 812 654 866 Atmospherae
675 812 908 865 qualitatum
923 819 988 850 at·

108 866 310 907 tendimus
332 898 344 913 ,
368 866 604 907 sensilitatis
635 866 759 906 etiam.
786 866 888 905 ratio
918 864 991 903 ha-

104 921 274 971 beatur,
290 935 379 975 quae
394 953 407 969 ,
423 921 511 961 cum
526 920 713 966 fibrarum
727 920 993 959 mobilitatem

106 984 222 1028 regat
233 1007 244 1026 ,
258 976 297 1015 in
311 976 452 1016 subitis
466 985 692 1028 tempotum
705 974 994 1014 mutationibus

104 1040 272 1084 praestat
292 1030 472 1084 plurimas
498 1028 577 1068 Sed
604 1028 690 1068 haec
714 1028 847 1068 omnia
869 1041 990 1068 nemo

44 1096 54 1099 *
105 1083 270 1139 plenius
286 1094 355 1124 aut
368 1082 528 1125 doctius
539 1081 724 1135 exposuit
738 1081 890 1124 Ioanne
900 1081 993 1121 Hu-

107 1140 226 1180 xham
243 1170 254 1190 ,
282 1139 333 1179 de
355 1139 530 1180 Aere-et
565 1136 724 1178 Morbis
750 1137 994 1191 Epidemicis

106 1195 217 1248 vohi
237 1226 250 1243 ‚
265 1193 491 1248 Prolegom.
508 1193 711 1235 Addemus
729 1202 863 1231 tamen
880 1191 990 1244 quod

103 1248 184 1302 jam
197 1260 239 1290 et
254 1249 482 1303 Sydenham
497 1279 508 1298 ,
536 1258 577 1287 et
590 1247 734 1287 Freind
749 1278 762 1295 ,
778 1256 819 1286 et
837 1246 901 1286 alii
915 1259 991 1285 no-

105 1313 242 1345 tarunt
265 1319 279 1353 ;
307 1303 630 1343 observatoribus
654 1301 827 1342 Medicis
857 1329 868 1346 .
894 1300 990 1339 dum

105 1357 424 1398 constitutiones
433 1359 637 1397 morbosas
654 1355 994 1408 praedominantes

105 1421 326 1467 exponunt,
337 1426 442 1452 curae
455 1412 494 1451 id
504 1411 753 1465 impendere,
761 1419 807 1449 ut
818 1423 897 1452 non
908 1418 991 1449 tan·

106 1466 190 1514 tum
222 1466 341 1509 unius
368 1464 620 1520 tempestatis
649 1466 758 1504 vices
790 1463 956 1506 afferant
974 1493 990 1513 ,

105 1522 179 1567 sed
199 1523 338 1575 plures
360 1534 448 1562 sese
464 1518 607 1562 mutuo
627 1519 871 1574 excipientes
896 1531 987 1560 con-

101 1576 234 1620 ferant
248 1586 289 1617 et
304 1575 545 1630 expendant·

155 1698 256 1743 Aen
265 1708 349 1745 oss.
378 1696 476 1742 XII..
487 1696 590 1743 Αὸτ.
601 1696 678 1755 Aq.
693 1696 795 1745 Loc,
808 1693 903 1751 xxvi
913 1725 931 1749 a
940 1707 990 1749 42,
