1305 2308
306 193 368 252 72
454 180 545 235 Ηί
579 181 606 233 1>
639 200 682 233 P.
740 187 785 232 A
817 198 843 232 p
875 198 909 232 H
939 183 1051 234 θη.

364 281 413 328 ς.
438 266 590 314 Austri
609 268 628 290 ‘²
647 264 843 312 auditum
865 279 1110 326 gravantes,
1131 280 1194 310 ca-

305 339 476 400 Iiginosi
488 376 502 399 ,
514 354 641 401 caput
655 353 877 400 gravantes
890 375 902 397 ,
921 355 1071 399 segnes
1089 374 1101 396 ,
1117 337 1199 384 dis-

303 405 532 460 sonientes.
571 413 719 473 Quum
741 413 812 459 hie
842 413 1112 460 dominatum
1132 425 1200 458 te-

304 487 449 534 nuerit
467 523 480 546 ‚
506 487 673 534 taliain
696 487 857 534 morbis
876 488 1112 548 patiuntur.
1151 483 1199 530 Si

303 562 406 607 vero
434 561 701 620 aquilonium
729 559 856 606 fuerit
886 561 986 605 anni
1013 573 1196 615 tempus,

302 646 436 681 tusses
454 668 467 690 ,
490 636 509 658 ἃ
534 634 675 679 fauces
697 650 876 692 asperae,
899 634 920 668 b
943 630 1025 677 aIvi
1049 631 1197 686 durae,

302 706 441 754 urinae
462 707 735 753 difficuItates
755 741 768 764 ‚
789 706 1010 761 horrores,
1029 703 1198 749 dolores

304 794 519 826 costarum
542 815 554 837 ,
575 793 814 840 pectorum.
850 777 999 836 Quum
1020 776 1091 820 hie
1117 775 1198 820 do·-

300 855 491 901 minatus
509 852 636 899 fuerit
649 886 662 911 ,
677 851 778 899 talia
792 851 838 897 in
851 848 1012 895 morbis
1028 860 1197 909 oportet

302 940 562 988 exspectare.

298 1013 302 1017 “
362 1005 405 1051 6.
427 1003 618 1063 Quando
633 1016 753 1047 aestas
763 1002 853 1048 veri
868 1003 1016 1049 similis
1029 1013 1111 1060 est,
1128 1017 1195 1049 su-

300 1083 427 1130 dores
449 1086 467 1108 ³
488 1082 536 1126 in
559 1079 752 1127 febribus
773 1080 930 1126 multos
953 1093 1194 1142 exspectare

298 1173 483 1222 oportet.

299 1300 302 1302 v
359 1257 407 1302 7.
436 1240 488 1284 In
515 1243 527 1264 ¹
554 1237 815 1285 siccitatibus
840 1242 860 1265 ἃ
888 1238 1029 1284 febres
1059 1250 1194 1284 acutae

300 1320 429 1367 fiunt.
450 1319 471 1342 ²
492 1318 575 1375 Et,
597 1317 632 1363 si
653 1316 830 1377 quidem
852 1334 990 1363 annus
1024 1316 1186 1375 majore

306 1410 426 1460 parte
458 1396 551 1442 taiis
573 1395 701 1442 fuerit
717 1430 729 1453 ,
754 1395 924 1455 quaIem
946 1394 1046 1440 fecit
1064 1401 1192 1439 eons'-

306 1475 555 1523 titutionem
566 1509 579 1533 ‚
596 1479 611 1512 3
632 1474 932 1535 utplurimum
945 1472 1046 1519 tales
1064 1472 1193 1519 etiam

305 1554 481 1603 morbos
499 1566 741 1615 exspectare
760 1564 944 1613 oportet.

360 1683 404 1729 8.
434 1682 486 1729 In
518 1680 814 1729 constantibus
840 1682 860 1706 ³
890 1676 1155 1738 temporibus
1174 1709 1189 1735 ,
