1305 2308
316 227 345 272 S
377 239 406 271 E
436 238 463 269 c
493 236 528 272 τ
560 239 576 269 1
608 237 638 269 ο
700 225 739 269 V
760 225 796 270 1.
914 239 995 286 223

167 302 421 363 40.Qujbus
441 303 497 348 ad
518 301 894 362 hypoehondrium
913 303 996 348 do-

110 380 222 428 lores
252 382 387 439 fiunt,
405 381 567 439 absque
585 381 605 403 ³
625 380 964 426 inflammatione
978 414 995 436 ‚

109 458 176 503 his
213 458 343 504 febris
373 456 677 517 superveniens
710 457 836 503 solvit
870 457 997 503 dolo-

108 551 215 581 rem.

162 628 238 672 41.
276 612 446 672 Quibus
485 624 764 672 suppuratum
801 612 907 671 quid
949 610 997 656 in

106 705 284 750 corpore
325 691 509 736 existens
521 690 699 743 ,nullum
738 690 803 735 sui
826 689 996 749 signum

107 768 252 828 prodit
266 803 279 826 ‚
297 768 362 813 his
383 780 557 828 propter
573 767 897 814 erassitudinem
915 782 999 826 pu-

105 844 163 890 ris
180 879 194 903 ,
217 857 292 891 aut
310 845 393 890 {oei
410 880 422 902 ‚
449 845 620 904 signum
640 861 729 890 non
751 844 942 890 exhibet.

162 936 233 981 42.
259 922 310 967 In
329 922 510 968 ictericis
529 923 661 982 hepar
682 924 701 946 ³
721 922 879 968 durum
911 921 997 967 fie-

104 998 141 1044 ri
159 1033 173 1056 ‚
203 999 380 1046 malum.

175 1111 248 1155 43.
269 1095 358 1154 Qui
377 1095 529 1142 lienosi
550 1096 573 1141 ὲ
597 1095 842 1154 dysenteria
858 1098 876 1120 ²
895 1109 994 1139 cor-

104 1181 320 1241 ripiuntur
343 1217 358 1240 ,
383 1185 394 1206 ¹
415 1182 481 1228 his
507 1182 638 1242 long&
666 1181 996 1243 superveniente

103 1266 349 1327 dysenterissl
363 1304 377 1327 ,
399 1269 592 1329 hydrops
614 1268 862 1329 supervenit
881 1303 895 1326 ‚
920 1281 994 1314 aut

103 1354 404 1401 intestinorum
426 1356 587 1402 Iaevitas
602 1390 616 1414 ‚
639 1369 681 1402 et
706 1367 905 1415 pereunt.

158 1476 231 1520 44.
263 1460 434 1519 Quibus
468 1477 520 1507 ex
551 1465 570 1488 ³
603 1461 739 1507 urinae
775 1459 991 1506 stillicidio

101 1536 295 1583 voivulus
321 1538 566 1596 supervenit
586 1572 601 1592 ‚
634 1538 680 1583 in
702 1550 865 1597 septem
895 1536 991 1583 die—

98 1615 180 1662 bus
201 1629 382 1676 pereunt
395 1650 408 1673 ,
427 1616 508 1662 nisi
518 1615 637 1663 febre
651 1614 984 1678 superveniente

98 1692 223 1740 urina
241 1693 413 1741 abunde
436 1694 626 1744 fluxerit.
