1305 2308
312 252 394 299 τιό
450 251 676 296 H1PP.
736 249 1046 297 Arnon.

307 329 480 375 morbos
507 327 717 386 judicant.
747 329 757 349 ¹
789 327 877 385 Qui
898 329 1001 374 vero
1023 328 1084 374 ita
1103 343 1194 373 non

305 399 444 455 fiunt,
484 398 676 445 laborem
703 399 949 457 significant
970 433 983 455 ,
1015 412 1057 444 et
1078 414 1197 446 mor-

756 478 775 500 2

305 474 352 522 bi
371 476 687 536 iongitudinem
709 513 723 534 ,
807 491 849 523 et
871 477 1094 524 recidivas.

366 580 435 625 37.
448 565 632 611 Sudores
646 565 807 625 frigidi,
822 569 840 590 ³
854 581 951 611 cum
969 566 1094 611 aeut&
1110 565 1202 624 qui-

307 641 409 688 dem
432 643 550 689 febre
572 644 840 700 evenientes,
860 657 1043 689 mortem
1065 661 1079 699 3
1100 660 1202 689 eum

306 719 477 766 mitiore
497 722 624 780 vero,
646 719 788 766 morbi
803 720 1121 780 longitudinem
1143 720 1202 766 si-

305 797 530 858 gnificant.
752 788 761 796 .

365 891 434 944 38.
456 889 512 933 Et
532 886 617 947 qu&
636 886 822 948 eorporis
842 900 961 948 parte
982 886 1094 933 inest
1122 901 1201 932 su-

308 965 388 1012 dor
405 1002 418 1023 ,
441 969 459 991 ³
482 966 544 1012 ibi
564 967 765 1014 morbum
783 984 867 1012 esse
887 966 1067 1012 indicat.

325 1077 327 1080 f
368 1070 438 1114 39.
468 1055 524 1098 Et
552 1055 638 1113 qu&
667 1054 855 1113 eorporis
889 1067 1008 1112 parte
1041 1056 1059 1076 ³
1084 1052 1197 1100 inest

308 1131 450 1188 calor,
473 1145 546 1178 aut
567 1132 700 1190 frigus
721 1166 734 1188 ‚
759 1130 821 1176 ibi
843 1131 1017 1176 morbus
1040 1146 1118 1177 est.

315 1254 320 1259 -
365 1236 437 1281 40.
469 1221 526 1265 Et
557 1219 634 1266 ubi
661 1219 708 1263 in
738 1231 826 1264 toto
855 1234 1031 1278 corpore
1055 1231 1197 1264 muta-

307 1299 445 1346 tiones
459 1333 473 1356 ,
492 1311 533 1345 et
553 1298 588 1342 si
611 1314 762 1357 corpus
783 1297 1085 1356 perfrigeretur
1099 1331 1112 1354 ,
1127 1309 1201 1343 aut

305 1394 450 1425 rursus
482 1377 680 1432 calefiat,
710 1377 730 1398 ‘³
761 1388 834 1420 aut
861 1374 979 1420 color
1010 1374 1116 1421 alius
1145 1390 1199 1421 ex

307 1457 391 1503 alio
411 1457 513 1514 fiat,
550 1453 690 1500 morbi
717 1452 1036 1513 iongitudinem
1058 1451 1198 1512 signi·
1246 1496 1249 1499 .

306 1536 424 1582 ficat.

365 1630 439 1672 41.
470 1615 482 1636 ¹
509 1611 649 1659 Sudor
671 1612 828 1658 multus
850 1612 874 1657 ἐι
893 1626 1066 1668 somno,
1091 1609 1199 1657 eitra

308 1706 480 1735 causam
521 1689 789 1735 manifestam
828 1689 961 1734 factus
990 1721 1003 1744 ,
1045 1703 1198 1746 corpus

316 1767 514 1819 uberiore
535 1768 739 1817 alimento
768 1767 831 1816 uti
857 1765 1084 1827 significat.
1106 1765 1127 1789 ²
1151 1763 1195 1812 Si
1250 1754 1253 1803 ῗ
