1305 2308
271 253 592 298 SECTio
650 249 773 295 VII.
862 251 946 312 265

125 331 195 376 62.
227 330 386 375 Febres
422 344 510 373 non
532 326 860 371 intermittentes
880 362 893 383 ,
911 329 948 372 si

68 414 143 457 per
156 398 322 443 tertiam
340 396 454 441 diem
473 393 810 440 vehementiores
825 395 949 451 fiant,

66 465 326 524 periculosae.
359 463 629 521 Quocunque
658 475 799 506 autem
821 463 952 507 modo

67 532 378 587 intermittant,
414 529 625 588 significat
648 528 822 583 pericuii
865 546 950 575 esse

70 610 274 658 expertes.

125 665 195 724 63.
223 665 392 723 Quibus
416 664 553 710 febres
570 665 709 724 Iongae
729 679 832 711 sunt
852 699 864 721 ,
887 664 953 710 his

71 756 143 789 aut
159 742 379 788 tubercula
399 776 412 798 ,
444 755 516 788 aut
536 742 591 787 ad
613 742 809 787 articulos
832 742 954 788 dolo-

73 836 139 865 res
166 820 292 864 fiunt.

131 897 202 955 64.
227 895 394 955 Quibus
426 895 645 941 tubercula
666 895 833 940 diutina
852 929 866 950 ‚
886 908 959 941 aut

75 973 131 1019 ad
150 973 345 1019 articulos
364 973 533 1019 dolores
556 989 607 1018 ex
627 973 816 1018 febribus
830 974 960 1028 fiunt,

77 1050 121 1096 hi
144 1051 249 1096 cibis
274 1063 455 1095 utuntur
475 1048 793 1107 copiosioribus.

87 1120 90 1123 Δ
135 1126 205 1188 65.
227 1127 271 1173 Si
293 1127 385 1185 quis
405 1125 665 1171 febricitanti
694 1125 839 1170 cibum
861 1125 960 1183 det,

78 1203 388 1251 convalescenti
419 1203 594 1262 quidem
626 1202 783 1259 robur3
822 1219 966 1262 aegro--

76 1281 185 1327 tanti
207 1282 308 1327 vero
329 1280 502 1325 morbus
517 1283 577 1332 fit.

139 1357 206 1403 66.
234 1359 316 1403 Per
336 1358 518 1403 vesicam
547 1357 801 1416 prodeuntia
831 1357 965 1416 inspi-

83 1451 179 1480 cere
196 1447 384 1495 oportet,
402 1451 455 1480 an
476 1436 561 1478 sint
575 1433 714 1492 quaiia
735 1433 845 1478 sanis
867 1451 969 1492 pro-

89 1515 238 1558 deunt.
274 1514 384 1571 Quae
407 1513 534 1571 igitur
555 1511 732 1557 minime
759 1511 823 1556 his
843 1512 965 1556 simi·

86 1590 171 1646 lia,
197 1607 248 1636 eo
274 1590 534 1635 moi-bosiora
557 1606 568 1643 3
589 1590 700 1633 sanis
728 1589 829 1635 vero
850 1587 969 1633 simi-

88 1668 143 1713 {ia
161 1702 174 1723 ,
195 1668 371 1714 minime
390 1667 598 1712 morbosa.

159 1745 229 1804 67.
276 1745 333 1790 Et
372 1743 525 1802 quibus
573 1744 584 1765 ¹
625 1742 859 1853 εὲεςζξοηεε
887 1776 900 1798 ,
936 1743 972 1788 si

773 1827 801 1858 v
