1305 2308
301 204 622 250 SEcT1o
681 202 808 249 VII.
905 218 990 264 257

169 297 241 341 43.
259 281 420 327 Mulier
436 279 700 326 ambidextra
718 296 807 325 non
828 280 894 325 fit.

171 384 242 427 44.
264 367 351 425 Qui
367 367 584 426 suppurati
604 378 788 412 uruntur
802 401 814 423 ,
830 378 902 413 aut
920 384 992 412 se-

114 457 291 499 cantur,
312 443 346 488 si
368 443 541 501 quidem
561 459 716 502 purum
745 444 890 489 effluat
915 459 994 503 pus

115 533 158 565 et
182 521 327 566 album
350 554 363 577 ‚
385 509 573 565 evadunt
599 536 609 563 :
640 524 652 544 ¹
685 519 719 564 si
749 523 852 567 verc‘)
887 521 994 565 sub-

114 610 341 642 cruentum
359 631 372 652 ,
407 609 449 642 et
470 612 683 642 caenosurn
699 629 714 654 ‚
740 613 788 643 ae
817 612 996 656 graveo-

113 674 206 720 lens
224 709 236 731 ‚
258 686 453 734 pereunt.

175 776 245 821 45.
287 761 374 820 Qui
412 762 465 806 ad
496 761 627 820 hepar
668 761 686 784 ἃ
722 772 999 820 suppuratum

116 852 300 885 uruntur
342 842 446 896 (aut
476 840 702 897 secantur)
748 838 783 882 si
824 837 1001 896 quidem

116 934 273 976 purum
301 917 448 961 effluat
473 932 550 974 pus
573 928 615 960 et
635 915 780 960 album
804 949 820 972 ‚
848 931 1000 973 super-

118 994 235 1039 stites
259 994 446 1039 evadunt
468 1010 478 1037 ε
512 992 612 1050 ipsis
637 992 752 1037 enim
775 1008 853 1050 pus
874 1004 935 1036 est
953 992 1002 1035 in

119 1071 289 1116 tunica:
312 1074 324 1094 ¹
349 1069 384 1114 si
404 1069 505 1114 verb
525 1068 671 1113 effluat
688 1069 804 1114 velut
821 1069 841 1102 b
857 1084 1002 1113 amur-

120 1164 169 1193 ca
182 1182 194 1204 ‚
215 1160 411 1207 pereunt.

178 1241 250 1301 46.
279 1239 573 1288 Indoloribus
603 1239 851 1295 oculorum,
883 1251 1003 1298 post-

125 1334 254 1376 quam
272 1333 436 1362 merum
465 1316 706 1360 bibendum
733 1316 900 1361 dederis
918 1350 931 1372 ‚
964 1328 1008 1361 et

126 1394 263 1438 multa
283 1392 418 1437 cajida
439 1392 586 1437 Iaveris
603 1427 615 1447 ‚
638 1409 792 1437 venam
813 1406 967 1437 secato.

186 1507 258 1549 47.
282 1488 578 1548 Hydropieum
598 1487 633 1533 si
653 1489 670 1511 ³
691 1488 812 1533 tussis
831 1488 1008 1545 haheat,

132 1567 375 1626 desperatus
393 1579 470 1611 est„

191 1665 263 1725 48.
290 1663 441 1710 Urinae
475 1663 737 1711 stiffieidium
761 1697 777 1722 ,
807 1675 850 1710 et
880 1661 1016 1709 urinae
