1305 2308
343 193 400 251 46
485 192 713 239 H1PP.
773 193 1081 242 Apn‘on.

397 286 468 331 37.
485 269 575 329 Qui
590 269 703 316 bene
718 269 863 316 valent
875 287 1050 331 corpore
1063 306 1078 329 ‚
1097 277 1108 298 ¹
1125 289 1228 333 pur·

337 363 438 409 gatu
456 363 556 395 sunt
576 349 788 397 difficiles.

398 427 465 483 38.
487 425 619 470 Pauib
649 424 841 470 deterior
870 438 914 472 et
941 438 1064 486 potus
1096 439 1139 473 et
1175 428 1233 474 ci-

334 492 440 550 bus,
465 491 698 550 jucundior
718 505 860 538 autern
877 528 890 550 ‚
905 494 1126 553 eligendus
1146 511 1228 555 po-

333 564 442 622 τίὺς,
464 565 594 623 quizm
614 563 808 610 meliores
830 564 1034 625 quidem,
1059 566 1136 613 sed
1153 566 1226 613 in-

337 640 556 701 gratiores.

390 731 460 775 39.
487 719 500 740 ¹
527 714 658 761 Senes
696 728 746 763 ut
775 715 1010 775 plurimhm
1049 716 1227 775 quidem

332 795 353 818 ³
362 791 592 850 juvenibus
606 791 749 837 minfls
761 804 968 850 aegrotant
980 808 991 835 :
1007 793 1027 815 ²
1037 793 1225 849 quicun-

329 886 414 930 que
436 870 536 916 verb
551 869 651 930 ipsis
673 871 694 905 b
711 868 852 914 morbi
868 870 983 914 fiunt
1002 868 1196 918 diuturni
1207 873 1239 930 ‚‘

328 939 583 1000 plerumque
604 936 960 983 commoriuntur.

383 1029 455 1073 40.
479 1011 749 1057 Raueedines
765 1046 779 1069 ‚
803 1024 845 1057 et
866 1012 1119 1070 gravedines
1140 1048 1156 1073 ,
1177 1017 1222 1062 in

325 1084 452 1131 vaIde
471 1083 646 1130 senibns
666 1100 755 1130 non
777 1099 1037 1146 coquuntur.

381 1175 454 1219 41.
477 1157 566 1217 Qui
586 1159 698 1219 saepe
721 1171 764 1205 et
780 1160 1061 1206 vehementer
1077 1197 1090 1220 ,
1116 1163 1219 1209 abs-

323 1252 408 1296 que
429 1235 657 1282 manifesta
671 1236 819 1293 cause,
842 1237 987 1284 animo
1006 1239 1218 1301 {inquun-

321 1328 392 1362 tur
410 1349 423 1373 ,
447 1331 500 1361 ex
520 1313 749 1375 improviso
769 1315 1027 1364 moriuntur.

377 1407 449 1452 42.
484 1391 658 1438 Solvere
689 1392 709 1415 ‘¹
747 1393 1012 1452 apoplexiam
1034 1429 1048 1452 ,
1080 1396 1215 1443 vehe-

317 1479 510 1513 mentem
531 1463 708 1525 quidem
727 1499 741 1521 ,
765 1465 1029 1525 impossibile
1053 1485 1065 1512 :
1085 1467 1213 1513 debi-

316 1542 406 1588 lem
428 1542 557 1597 verb,
580 1556 669 1603 nen
692 1538 829 1585 facile.

372 1630 444 1673 43.
480 1613 547 1658 Ex
581 1613 599 1636 ‘⁷¹
628 1612 679 1658 iis
710 1611 786 1671 qui
818 1612 1137 1671 strangulantur
1158 1624 1201 1658 et

314 1686 605 1746 resolvuntur,
617 1684 814 1732 nondum
829 1696 971 1736 autem
985 1695 1086 1731 sunt
1099 1699 1212 1729 mor·
1277 1711 1294 1742 ,-
