<?xml version="1.0" encoding="UTF-8"?>
<!DOCTYPE html PUBLIC "-//W3C//DTD XHTML 1.0 Transitional//EN"
    "http://www.w3.org/TR/xhtml1/DTD/xhtml1-transitional.dtd">
<html xmlns="http://www.w3.org/1999/xhtml" xml:lang="en" lang="en">
 <head>
  <title>
</title>
<meta http-equiv="Content-Type" content="text/html;charset=utf-8" />
  <meta name='ocr-system' content='tesseract 3.04.00' />
  <meta name='ocr-capabilities' content='ocr_page ocr_carea ocr_par ocr_line ocrx_word'/>
</head>
<body>
  <div class='ocr_page' id='page_1' title='image "./hippokratousapho00hipp_0034.png"; bbox 0 0 1305 2308; ppageno 0'>
   <div class='ocr_carea' id='block_1_1' title="bbox 265 177 1156 476">
    <p class='ocr_par' dir='ltr' id='par_1_1' title="bbox 265 177 1156 476">
     <span class='ocr_line' id='line_1_1' title="bbox 268 177 1008 233; baseline 0.015 -12"><span class='ocrx_word' id='word_1_1' title='bbox 268 179 295 221; x_wconf 83' lang='lat'>8</span> <span class='ocrx_word' id='word_1_2' title='bbox 409 177 636 226; x_wconf 75' lang='lat' dir='ltr'>HIPP.</span> <span class='ocrx_word' id='word_1_3' title='bbox 696 183 1008 233; x_wconf 74' lang='lat' dir='ltr'>Apuon.</span> 
     </span>
     <span class='ocr_line' id='line_1_2' title="bbox 267 252 1156 325; baseline 0.017 -27"><span class='ocrx_word' id='word_1_4' title='bbox 267 252 422 301; x_wconf 80' lang='lat' dir='ltr'>delicta</span> <span class='ocrx_word' id='word_1_5' title='bbox 443 257 610 315; x_wconf 63' lang='lat' dir='ltr'>gravihs</span> <span class='ocrx_word' id='word_1_6' title='bbox 631 260 787 306; x_wconf 86' lang='lat' dir='ltr'>ferunt.</span> <span class='ocrx_word' id='word_1_7' title='bbox 823 262 895 308; x_wconf 90' lang='lat' dir='ltr'>Ob</span> <span class='ocrx_word' id='word_1_8' title='bbox 922 264 1004 309; x_wconf 86' lang='lat' dir='ltr'>hoe</span> <span class='ocrx_word' id='word_1_9' title='bbox 1027 265 1156 325; x_wconf 75' lang='lat' dir='ltr'>igitur</span> 
     </span>
     <span class='ocr_line' id='line_1_3' title="bbox 268 332 1156 400; baseline 0.015 -23"><span class='ocrx_word' id='word_1_10' title='bbox 268 332 408 379; x_wconf 79' lang='lat' dir='ltr'>tenuis</span> <span class='ocrx_word' id='word_1_11' title='bbox 426 347 468 380; x_wconf 93' lang='lat' dir='ltr'>et</span> <span class='ocrx_word' id='word_1_12' title='bbox 489 336 720 396; x_wconf 77' lang='lat' dir='ltr'>exquisitus</span> <span class='ocrx_word' id='word_1_13' title='bbox 745 338 876 384; x_wconf 65' lang='lat' dir='ltr'>vifius</span> <span class='ocrx_word' id='word_1_14' title='bbox 897 341 1156 400; x_wconf 73' lang='lat' dir='ltr'>periculosus</span> 
     </span>
     <span class='ocr_line' id='line_1_4' title="bbox 265 410 931 476; baseline 0.014 -22"><span class='ocrx_word' id='word_1_15' title='bbox 265 410 399 470; x_wconf 79' lang='lat' dir='ltr'>magis</span> <span class='ocrx_word' id='word_1_16' title='bbox 413 446 426 468; x_wconf 92' lang='lat'><strong>,</strong></span> <span class='ocrx_word' id='word_1_17' title='bbox 445 415 576 473; x_wconf 45' lang='lat' dir='ltr'>quem</span> <span class='ocrx_word' id='word_1_18' title='bbox 598 415 725 476; x_wconf 76' lang='lat' dir='ltr'>paqu</span> <span class='ocrx_word' id='word_1_19' title='bbox 750 416 931 476; x_wconf 76' lang='lat' dir='ltr'>plenior.</span> 
     </span>
    </p>
   </div>
   <div class='ocr_carea' id='block_1_2' title="bbox 265 569 1153 703">
    <p class='ocr_par' dir='ltr' id='par_1_2' title="bbox 265 569 1153 703">
     <span class='ocr_line' id='line_1_5' title="bbox 323 569 1153 637; baseline 0.017 -23"><span class='ocrx_word' id='word_1_20' title='bbox 323 569 365 615; x_wconf 89' lang='lat'>6.</span> <span class='ocrx_word' id='word_1_21' title='bbox 391 570 410 593; x_wconf 57' lang='grc' dir='ltr'><strong><em>ἃ</em></strong></span> <span class='ocrx_word' id='word_1_22' title='bbox 443 572 519 617; x_wconf 82' lang='lat' dir='ltr'>Ad</span> <span class='ocrx_word' id='word_1_23' title='bbox 542 585 753 621; x_wconf 84' lang='lat' dir='ltr'>extremos</span> <span class='ocrx_word' id='word_1_24' title='bbox 777 578 950 625; x_wconf 85' lang='lat' dir='ltr'>morbos</span> <span class='ocrx_word' id='word_1_25' title='bbox 974 615 988 637; x_wconf 89' lang='lat'>‚</span> <span class='ocrx_word' id='word_1_26' title='bbox 1012 594 1153 628; x_wconf 84' lang='lat' dir='ltr'>extre-</span> 
     </span>
     <span class='ocr_line' id='line_1_6' title="bbox 265 640 982 703; baseline 0.014 -21"><span class='ocrx_word' id='word_1_27' title='bbox 265 653 336 684; x_wconf 76' lang='lat' dir='ltr'>ma</span> <span class='ocrx_word' id='word_1_28' title='bbox 360 640 550 687; x_wconf 76' lang='lat' dir='ltr'>remedia</span> <span class='ocrx_word' id='word_1_29' title='bbox 576 643 783 700; x_wconf 71' lang='lat' dir='ltr'>exquisite</span> <span class='ocrx_word' id='word_1_30' title='bbox 805 647 982 703; x_wconf 78' lang='lat' dir='ltr'>optima.</span> 
     </span>
    </p>
   </div>
   <div class='ocr_carea' id='block_1_3' title="bbox 261 814 1156 1164">
    <p class='ocr_par' dir='ltr' id='par_1_3' title="bbox 261 814 1156 1164">
     <span class='ocr_line' id='line_1_7' title="bbox 320 814 1154 878; baseline 0.017 -21"><span class='ocrx_word' id='word_1_31' title='bbox 320 830 363 874; x_wconf 90' lang='lat'>7.</span> <span class='ocrx_word' id='word_1_32' title='bbox 392 816 404 835; x_wconf 90' lang='lat'>¹</span> <span class='ocrx_word' id='word_1_33' title='bbox 434 814 522 860; x_wconf 84' lang='lat' dir='ltr'>Ubi</span> <span class='ocrx_word' id='word_1_34' title='bbox 544 816 674 875; x_wconf 77' lang='lat' dir='ltr'>igitur</span> <span class='ocrx_word' id='word_1_35' title='bbox 696 834 920 878; x_wconf 78' lang='lat' dir='ltr'>peracutus</span> <span class='ocrx_word' id='word_1_36' title='bbox 949 834 1011 869; x_wconf 88' lang='lat' dir='ltr'>est</span> <span class='ocrx_word' id='word_1_37' title='bbox 1035 841 1154 871; x_wconf 85' lang='lat' dir='ltr'>mor-</span> 
     </span>
     <span class='ocr_line' id='line_1_8' title="bbox 262 885 1154 944; baseline 0.018 -15"><span class='ocrx_word' id='word_1_38' title='bbox 262 885 368 943; x_wconf 87' lang='lat' dir='ltr'>bus,</span> <span class='ocrx_word' id='word_1_39' title='bbox 403 888 422 910; x_wconf 83' lang='lat'>²</span> <span class='ocrx_word' id='word_1_40' title='bbox 451 888 590 935; x_wconf 80' lang='lat' dir='ltr'>statim</span> <span class='ocrx_word' id='word_1_41' title='bbox 617 904 830 938; x_wconf 87' lang='lat' dir='ltr'>extremos</span> <span class='ocrx_word' id='word_1_42' title='bbox 864 895 996 941; x_wconf 76' lang='lat' dir='ltr'>habet</span> <span class='ocrx_word' id='word_1_43' title='bbox 1029 897 1154 944; x_wconf 75' lang='lat' dir='ltr'>labo-</span> 
     </span>
     <span class='ocr_line' id='line_1_9' title="bbox 262 959 1155 1016; baseline 0.018 -15"><span class='ocrx_word' id='word_1_44' title='bbox 262 973 327 1002; x_wconf 87' lang='lat' dir='ltr'>res</span> <span class='ocrx_word' id='word_1_45' title='bbox 349 993 361 1013; x_wconf 85' lang='lat'>‚</span> <span class='ocrx_word' id='word_1_46' title='bbox 375 971 417 1003; x_wconf 88' lang='lat' dir='ltr'>et</span> <span class='ocrx_word' id='word_1_47' title='bbox 436 959 455 981; x_wconf 72' lang='lat'>²²</span> <span class='ocrx_word' id='word_1_48' title='bbox 475 963 664 1007; x_wconf 71' lang='lat' dir='ltr'>extreme</span> <span class='ocrx_word' id='word_1_49' title='bbox 686 964 935 1012; x_wconf 84' lang='lat' dir='ltr'>tenuissimo</span> <span class='ocrx_word' id='word_1_50' title='bbox 953 969 1069 1016; x_wconf 83' lang='lat' dir='ltr'>victu</span> <span class='ocrx_word' id='word_1_51' title='bbox 1090 971 1155 1016; x_wconf 82' lang='lat' dir='ltr'>uti</span> 
     </span>
     <span class='ocr_line' id='line_1_10' title="bbox 261 1035 1156 1102; baseline 0.016 -27"><span class='ocrx_word' id='word_1_52' title='bbox 261 1046 431 1078; x_wconf 85' lang='lat' dir='ltr'>neeesse</span> <span class='ocrx_word' id='word_1_53' title='bbox 456 1047 532 1079; x_wconf 87' lang='lat' dir='ltr'>est.</span> <span class='ocrx_word' id='word_1_54' title='bbox 574 1035 664 1081; x_wconf 85' lang='lat' dir='ltr'>Ubi</span> <span class='ocrx_word' id='word_1_55' title='bbox 694 1039 796 1082; x_wconf 75' lang='lat' dir='ltr'>verb</span> <span class='ocrx_word' id='word_1_56' title='bbox 825 1055 912 1085; x_wconf 87' lang='lat' dir='ltr'>non</span> <span class='ocrx_word' id='word_1_57' title='bbox 928 1074 941 1096; x_wconf 88' lang='lat'>‚</span> <span class='ocrx_word' id='word_1_58' title='bbox 965 1042 1040 1087; x_wconf 88' lang='lat' dir='ltr'>sed</span> <span class='ocrx_word' id='word_1_59' title='bbox 1063 1044 1156 1102; x_wconf 69' lang='lat' dir='ltr'>pie-</span> 
     </span>
     <span class='ocr_line' id='line_1_11' title="bbox 261 1104 1154 1164; baseline 0.013 -16"><span class='ocrx_word' id='word_1_60' title='bbox 261 1104 359 1150; x_wconf 63' lang='lat' dir='ltr'>nissts</span> <span class='ocrx_word' id='word_1_61' title='bbox 384 1106 525 1152; x_wconf 79' lang='lat' dir='ltr'><strong>cibare</strong></span> <span class='ocrx_word' id='word_1_62' title='bbox 548 1107 647 1153; x_wconf 70' lang='lat' dir='ltr'>{ieet</span> <span class='ocrx_word' id='word_1_63' title='bbox 664 1143 677 1164; x_wconf 91' lang='lat'>‚</span> <span class='ocrx_word' id='word_1_64' title='bbox 710 1112 879 1157; x_wconf 65' lang='lat' dir='ltr'>tantfim</span> <span class='ocrx_word' id='word_1_65' title='bbox 904 1117 927 1156; x_wconf 83' lang='grc' dir='ltr'><em>ἁ</em></span> <span class='ocrx_word' id='word_1_66' title='bbox 953 1117 1065 1158; x_wconf 73' lang='lat' dir='ltr'><em>tenui</em></span> <span class='ocrx_word' id='word_1_67' title='bbox 1085 1132 1154 1160; x_wconf 91' lang='lat' dir='ltr'>re-</span> 
     </span>
    </p>
   </div>
   <div class='ocr_carea' id='block_1_4' title="bbox 258 1178 1153 1301">
    <p class='ocr_par' dir='ltr' id='par_1_4' title="bbox 258 1178 1153 1301">
     <span class='ocr_line' id='line_1_12' title="bbox 258 1178 1153 1240; baseline 0.015 -18"><span class='ocrx_word' id='word_1_68' title='bbox 258 1178 517 1238; x_wconf 84' lang='lat' dir='ltr'>cedendum,</span> <span class='ocrx_word' id='word_1_69' title='bbox 530 1183 740 1240; x_wconf 65' lang='lat' dir='ltr'>quantsstm</span> <span class='ocrx_word' id='word_1_70' title='bbox 754 1184 928 1232; x_wconf 86' lang='lat' dir='ltr'>morbus</span> <span class='ocrx_word' id='word_1_71' title='bbox 939 1186 1153 1235; x_wconf 70' lang='lat' dir='ltr'>remissior</span> 
     </span>
     <span class='ocr_line' id='line_1_13' title="bbox 261 1253 623 1301; baseline 0.008 -4"><span class='ocrx_word' id='word_1_72' title='bbox 261 1253 460 1299; x_wconf 81' lang='lat' dir='ltr'>extremis</span> <span class='ocrx_word' id='word_1_73' title='bbox 482 1255 623 1301; x_wconf 86' lang='lat' dir='ltr'>fuerit.</span> 
     </span>
    </p>
   </div>
   <div class='ocr_carea' id='block_1_5' title="bbox 262 1383 1149 1584">
    <p class='ocr_par' dir='ltr' id='par_1_5' title="bbox 262 1383 1149 1584">
     <span class='ocr_line' id='line_1_14' title="bbox 316 1383 1145 1445; baseline 0.005 -17"><span class='ocrx_word' id='word_1_74' title='bbox 316 1385 358 1428; x_wconf 87' lang='lat'>8.</span> <span class='ocrx_word' id='word_1_75' title='bbox 381 1385 393 1404; x_wconf 80' lang='lat'>¹</span> <span class='ocrx_word' id='word_1_76' title='bbox 419 1383 534 1429; x_wconf 58' lang='lat' dir='ltr'>Cam</span> <span class='ocrx_word' id='word_1_77' title='bbox 554 1384 728 1430; x_wconf 87' lang='lat' dir='ltr'>morbus</span> <span class='ocrx_word' id='word_1_78' title='bbox 746 1384 792 1430; x_wconf 82' lang='lat' dir='ltr'>in</span> <span class='ocrx_word' id='word_1_79' title='bbox 816 1385 962 1445; x_wconf 85' lang='lat' dir='ltr'>vigore</span> <span class='ocrx_word' id='word_1_80' title='bbox 987 1387 1114 1432; x_wconf 78' lang='lat' dir='ltr'>fuerit</span> <span class='ocrx_word' id='word_1_81' title='bbox 1130 1421 1145 1443; x_wconf 90' lang='lat'>‚</span> 
     </span>
     <span class='ocr_line' id='line_1_15' title="bbox 262 1460 1149 1512; baseline 0.008 -7"><span class='ocrx_word' id='word_1_82' title='bbox 262 1472 366 1506; x_wconf 85' lang='lat' dir='ltr'>tune</span> <span class='ocrx_word' id='word_1_83' title='bbox 387 1461 455 1507; x_wconf 78' lang='lat' dir='ltr'>vel</span> <span class='ocrx_word' id='word_1_84' title='bbox 487 1460 737 1509; x_wconf 80' lang='lat' dir='ltr'>tenuissimo</span> <span class='ocrx_word' id='word_1_85' title='bbox 758 1463 875 1510; x_wconf 83' lang='lat' dir='ltr'>victu</span> <span class='ocrx_word' id='word_1_86' title='bbox 892 1464 955 1510; x_wconf 85' lang='lat' dir='ltr'>uti</span> <span class='ocrx_word' id='word_1_87' title='bbox 977 1481 1149 1512; x_wconf 87' lang='lat' dir='ltr'>necesse</span> 
     </span>
     <span class='ocr_line' id='line_1_16' title="bbox 262 1551 339 1584; baseline 0.013 -1"><span class='ocrx_word' id='word_1_88' title='bbox 262 1551 339 1584; x_wconf 85' lang='lat' dir='ltr'>est.</span> 
     </span>
    </p>
   </div>
   <div class='ocr_carea' id='block_1_6' title="bbox 261 1627 1146 1768">
    <p class='ocr_par' dir='ltr' id='par_1_6' title="bbox 261 1627 1146 1768">
     <span class='ocr_line' id='line_1_17' title="bbox 318 1627 1146 1691; baseline 0.007 -20"><span class='ocrx_word' id='word_1_89' title='bbox 318 1643 360 1687; x_wconf 85' lang='lat'>9.</span> <span class='ocrx_word' id='word_1_90' title='bbox 381 1627 663 1676; x_wconf 79' lang='lat' dir='ltr'>Considerare</span> <span class='ocrx_word' id='word_1_91' title='bbox 693 1643 861 1691; x_wconf 85' lang='lat' dir='ltr'>oportet</span> <span class='ocrx_word' id='word_1_92' title='bbox 883 1630 1009 1677; x_wconf 79' lang='lat' dir='ltr'>etiam</span> <span class='ocrx_word' id='word_1_93' title='bbox 1042 1635 1061 1658; x_wconf 79' lang='lat'>³</span> <span class='ocrx_word' id='word_1_94' title='bbox 1086 1648 1146 1677; x_wconf 86' lang='lat' dir='ltr'>ae-</span> 
     </span>
     <span class='ocr_line' id='line_1_18' title="bbox 261 1708 1144 1768; baseline 0.006 -19"><span class='ocrx_word' id='word_1_95' title='bbox 261 1718 500 1764; x_wconf 78' lang='lat' dir='ltr'>grotantem</span> <span class='ocrx_word' id='word_1_96' title='bbox 529 1742 543 1766; x_wconf 88' lang='lat'>‚</span> <span class='ocrx_word' id='word_1_97' title='bbox 574 1725 682 1756; x_wconf 87' lang='lat' dir='ltr'>num</span> <span class='ocrx_word' id='word_1_98' title='bbox 715 1709 771 1756; x_wconf 79' lang='lat' dir='ltr'>ad</span> <span class='ocrx_word' id='word_1_99' title='bbox 787 1708 927 1755; x_wconf 81' lang='lat' dir='ltr'>morbi</span> <span class='ocrx_word' id='word_1_100' title='bbox 955 1708 1144 1768; x_wconf 81' lang='lat' dir='ltr'>vigorem</span> 
     </span>
    </p>
   </div>
  </div>
 </body>
</html>
