1305 2308
241 222 313 256 ΙΝ
360 209 773 254 SEc'rmNEM
826 201 860 247 1.
939 217 986 262 3¹

115 302 133 331 1
152 305 174 352 3·
192 290 314 342 xxxvj
329 321 340 341 ,
370 301 390 343 3
416 298 458 333 et
472 300 554 340 seq.
571 300 639 321 =
664 282 680 316 3
699 281 872 323 1.M0rb.
887 279 996 321 Mul.

111 345 207 397 xxiij
226 376 238 396 ,
259 359 300 400 9.

166 428 211 468 In
243 425 368 467 acutis
404 423 610 465 affectibus
637 452 649 472 ,
680 422 747 460 vel
782 418 997 472 incipiente

113 483 276 532 morbo,
309 482 376 521 vel
394 477 578 520 absoluta
604 487 755 517 naturae
778 474 1000 515 dimicatio-

112 550 186 588 ne,
213 533 488 577 tantummodo
519 535 650 573 locum
683 531 868 571 obtinere
907 542 999 581 pos-

113 601 205 632 sunt
229 590 454 645 purgantia.
482 588 676 641 Incipiens
694 586 854 624 morbus
872 583 999 623 solida

113 646 288 686 nondum
301 643 508 686 constrixit
520 642 735 682 erethismo
747 638 876 679 febrili
887 654 898 686 3
913 648 999 677 tur-

114 712 184 795 {et
193 700 272 740 imo
286 698 391 753 saepe
400 697 599 746 materies,
609 709 728 735 ruens
737 695 785 734 ad
796 693 998 734 effluxum.

157 755 349 795 ecedente
361 754 432 794 sub
443 751 559 792 finem
569 750 697 790 morbi
706 748 1003 794 erethismo‚su·

115 820 283 862 persunt
296 809 464 849 hostiles
480 805 656 859 reliquiae
670 804 810 857 quibus
828 802 1002 841 liberan-

118 863 210 904 dum
228 873 291 903 est
319 875 478 916 corpus.
507 860 585 900 Per
609 858 815 912 purgantia
842 854 906 895 hic
922 869 1003 895 non

119 917 378 972 intelligenda
407 926 499 956 sunt
524 928 612 968 quae
649 915 781 952 alvum
806 911 890 950 sine
911 910 1004 950 irri-

119 974 270 1025 tatione
289 972 500 1020 subluunt‚
525 978 570 1007 ut
597 967 717 1006 cassia
732 998 743 1016 ,
765 965 971 1004 tamarindi
998 995 1009 1013 ,

119 1040 194 1067 nec
208 1027 329 1079 ipsam
342 1057 352 1075 ,
370 1022 579 1064 sanctorio
594 1031 699 1061 teste
715 1052 726 1069 ,
742 1019 1003 1073 perspiratio-

120 1095 210 1121 nem
235 1079 488 1120 conturbant.
519 1075 675 1116 Horum
702 1077 894 1128 pleraque
909 1074 1003 1115 Ve-

119 1135 272 1176 teribus
319 1144 432 1174 erant
460 1142 529 1172 aut
565 1131 763 1184 incognita
783 1160 794 1178 ,
821 1139 891 1168 aut
918 1128 1004 1168 usi-

122 1200 204 1230 tata
229 1188 365 1244 parum
381 1220 392 1239 ,
421 1187 549 1227 forsan
574 1186 665 1225 ideo
691 1183 801 1238 quod
836 1182 1004 1223 fortiora

119 1244 399 1298 primaevorum
426 1241 628 1281 hominum
655 1252 825 1294 corpora
852 1237 897 1278 iis
924 1251 1005 1278 non

121 1308 486 1340 commoverentur.

179 1407 368 1448 Arnon.
394 1405 534 1447 XXV.
553 1404 684 1459 Aph.j
704 1417 772 1454 ,2,
790 1415 866 1457 233
883 1402 922 1442 iv
938 1433 948 1452 ,
968 1413 1009 1456 3.

125 1462 372 1501 —Humota
387 1462 430 1513 ij,
446 1475 515 1515 49.
539 1484 604 1490 --
617 1461 692 1501 Vl.
707 1458 824 1512 Epid.
842 1458 881 1496 iv
896 1488 908 1508 ,
940 1469 1007 1510 30.

127 1539 194 1547 -
215 1515 316 1558 Vide
335 1531 409 1556 van
427 1515 638 1555 -Swieten
654 1546 665 1566 ,
681 1512 812 1568 tom.j
831 1543 843 1563 ,
865 1526 908 1567 p.
929 1524 1004 1560 123

130 1581 226 1614 tom.
245 1572 285 1612 iv
300 1603 313 1622 ‚
337 1585 378 1626 p.
397 1584 489 1625 557.

453 1651 676 1719 ems«
