1305 2308
309 248 391 293 208
611 247 910 292 No'rAE

331 364 334 367 ,
364 319 558 359 Aenon.
586 316 721 358 LXV.
743 318 795 358 11.
821 317 937 371 Epid.
955 315 1016 370 iij,
1053 329 1128 374 129
1152 316 1202 358 ad

315 386 406 428 132.
434 389 503 409 =
520 373 538 393 ³
559 371 670 413 Cels.
687 372 741 424 ij,
769 388 794 426 7
811 405 822 423 ,
849 388 890 426 p.
908 374 1032 420 62,1.
1050 387 1090 426 5.

365 477 497 518 Firma
528 479 575 518 ab
603 478 863 532 Hippocratis
888 491 976 518 aevo
998 508 1010 529 ,
1035 476 1085 516 ad
1114 478 1208 518 nos-

314 543 423 573 trum
444 547 598 587 usque,
627 534 861 588 prognosim
886 534 986 573 hanc
1015 531 1209 574 demons-

312 590 437 628 travit
456 588 704 642 experientia
722 621 733 637 ‚
764 603 883 643 quam
913 590 1021 628 nulla
1046 592 1208 641 assequi

313 654 452 697 potest
465 643 759 684 Recentiorum
774 643 945 684 theoria.
964 646 1066 685 Vide
1082 643 1132 682 de
1148 643 1210 684 his

314 697 516 752 praecipue
531 699 791 739 clarissimum
804 699 1011 739 Duretum
1023 710 1209 740 nostrum
1254 732 1256 737 ,

314 755 356 792 in
373 753 527 795 Coacas
545 785 557 805 ,
575 768 661 808 cap.
676 755 737 805 iv,
753 769 793 808 p.
811 767 825 794 1
838 768 888 805 14
905 764 946 794 et
962 768 1048 810 seq.

373 846 568 889 APHOR.
600 846 755 889 LXVI.
786 848 838 888 ΙΙ.
871 847 989 902 Epid.
1016 848 1087 900 iij,
1118 848 1210 896 128.

318 902 339 923 ³
354 901 466 943 Cels.
481 918 507 943 v
523 935 533 954 ,
550 905 623 951 26,
639 919 679 957 p.
696 919 790 959 295,
806 905 833 946 l.
851 903 1097 960 31.—Vide
1110 920 1214 945 van-

317 957 497 999 Swieten
509 991 520 1010 ,
536 959 593 1013 t.j
609 991 621 1011 ,
641 974 682 1014 p.
702 974 798 1013 207.

377 1058 573 1099 APHOR.
594 1058 768 1100 LXVII.
803 1060 854 1101 II.
873 1059 991 1110 Epid.
1018 1059 1060 1112 iij
1080 1091 1091 1110 ‚
1122 1060 1217 1102 128.

318 1136 386 1144 —
410 1112 512 1154 Vide
532 1113 835 1161 van-Swieten,
852 1126 882 1156 t.
904 1117 938 1169 j,
962 1130 1002 1169 p.
1020 1129 1116 1168 207.

382 1211 482 1253 Laxi
512 1211 700 1253 dicuntur
735 1223 915 1253 tumores
950 1213 1018 1267 qui
1050 1214 1217 1254 humore

319 1268 530 1308 annuntur
546 1268 596 1308 ad
617 1278 772 1322 partem
788 1268 970 1308 affluenti
981 1300 991 1318 ‚
1007 1282 1057 1309 ex
1073 1270 1218 1309 ordine

320 1334 477 1364 naturae
496 1355 507 1371 ‚
531 1323 854 1378 solutionemque
873 1323 1030 1363 facilem
1045 1324 1218 1377 promit-

322 1389 430 1418 tunt.
458 1378 584 1418 Crudi
603 1390 696 1418 sunt
711 1389 891 1418 tumores
922 1378 988 1432 qui
1007 1410 1018 1428 ,
1038 1380 1105 1418 vel
1125 1393 1218 1418 ere-

323 1434 472 1474 thismo
492 1433 701 1473 constricti
720 1465 731 1483 ,
748 1435 815 1473 vel
834 1434 1059 1489 languentis
1073 1434 1218 1475 circui-

323 1488 389 1530 tfis
405 1489 447 1530 vi
465 1489 575 1529 vitali
591 1488 777 1529 destituti
791 1500 900 1530 sunt.

380 1599 576 1641 Arnon.
591 1599 783 1640 LXVIII.
801 1599 898 1641 Loc.
917 1599 958 1639 in
977 1600 1100 1640 Hom.
1116 1600 1214 1650 xlix,

329 1668 394 1696 10.
409 1656 552 1696 —IL
570 1655 754 1696 Praedict.
769 1656 890 1707 xxxvj
904 1687 916 1704 ,
935 1669 953 1707 5
973 1687 983 1705 ,
999 1655 1040 1696 6.
1056 1679 1122 1685 —
1137 1658 1216 1698 VI.

327 1710 443 1763 Epid.
465 1710 490 1763 ij
507 1743 518 1760 ,
544 1712 613 1762 48.
639 1734 705 1740 -—
731 1710 950 1752 Affection.
971 1710 1020 1764 ij,
1043 1725 1091 1752 10
1107 1743 1119 1760 ‚
1153 1724 1216 1754 11.

328 1788 395 1796 -—
425 1766 566 1809 Soran.
608 1765 756 1821 Ephes.
799 1767 959 1823 Isagog.
999 1779 1034 1808 c.
1077 1767 1160 1820 xxj.
