1305 2308
308 234 628 282 Sssc‘rro
687 235 786 282 VI.
904 251 985 298 227

82 356 85 357 ⁷
105 312 221 358 fiunt
239 311 283 357 in
305 314 442 373 capite
457 348 471 370 ‚
493 326 536 359 et
561 313 704 359 statim
721 312 830 359 muti
846 312 960 359 fiunt
974 348 987 369 ,

105 406 155 435 ae
183 402 368 436 stertunt
391 425 404 447 ,
438 390 482 436 in
525 402 688 451 septem
727 389 879 436 diebus
916 405 992 449 pe-

106 480 234 513 reunt
252 501 265 524 ,
293 471 305 491 ¹
336 467 417 512 nisi
438 467 567 513 febris
589 467 934 527 apprehenderit.

166 569 236 616 52.
256 555 539 602 Considerare
558 557 659 601 verb
679 554 807 601 etiam
827 564 995 614 oportet

103 642 325 688 oculorum
362 642 512 689 subths
537 643 782 702 apparentia
808 642 854 686 in
875 657 994 686 som-

103 729 185 775 nis„
197 729 239 775 Si
251 728 366 775 enim
379 728 466 775 albi
481 729 632 788 quida,
648 728 860 790 palpebris
874 743 993 772 com-

104 816 240 862 missis
255 852 268 874 ,
288 818 437 864 subtsis
457 831 670 878 appareat,
684 819 729 862 id
738 833 819 875 que
837 831 926 861 non
941 831 994 860 ex

104 901 189 949 alvi
210 905 422 963 profluvio
438 905 517 962 sit,
531 918 603 951 aut
623 922 674 950 ex
695 905 870 964 potione
887 920 994 963 pur-

104 1002 232 1047 gante
260 1026 274 1048 ‚
311 1008 491 1051 pravum
527 991 698 1048 signum
731 1023 747 1047 ,
785 1002 828 1035 et
869 987 993 1035 valde

107 1075 279 1125 IethaIe.

166 1169 186 1215 5
195 1171 234 1214 3.
255 1155 435 1212 DeIiria‚
447 1158 575 1201 cuma
592 1153 865 1213 risuquidem
876 1153 992 1200 acci-

104 1232 279 1289 dentia,
308 1232 519 1278 securiora
540 1251 550 1278 :
582 1248 681 1278 cum
701 1231 844 1277 studio
860 1233 988 1292 vero,

105 1310 418 1369 periculosiora.

167 1412 236 1457 54.
257 1398 307 1442 In
325 1396 456 1442 acutis
471 1397 765 1443 affectionibus
783 1411 878 1455 quae
894 1411 993 1442 cum

106 1473 227 1519 febre
257 1487 353 1518 sunt
373 1506 388 1524 ,
421 1473 624 1519 Iuctu'osae
659 1472 958 1534 respirationes
976 1505 989 1529 ,

110 1551 248 1597 malae.

167 1651 234 1698 55.
264 1636 488 1696 Podagrici
522 1639 677 1688 morbi,
698 1653 798 1683 vere
835 1647 880 1683 et
913 1652 988 1684 au-

106 1726 258 1761 tumno
271 1749 286 1774 ,
307 1727 535 1762 moventur
553 1727 602 1763 ut
622 1714 872 1776 plurimam.
