1305 2308
314 180 395 240 ³78
468 174 697 221 prp,
757 167 1068 212 Arnon.

372 270 440 320 53.
469 253 580 311 Quae
601 247 831 309 perditurae
849 257 949 291 sunt
968 244 1093 289 foetus
1108 277 1121 300 ,
1136 243 1203 288 his

313 347 514 381 mammae
545 326 719 388 graciies
741 326 868 370 fiunt.
911 321 955 368 Si
977 323 1081 367 vero
1103 337 1202 366 rur-

312 415 383 458 sus
398 411 517 456 durae
532 409 661 460 fiant,
678 403 801 449 dolor
814 402 893 448 erit
916 413 989 446 aut
1013 399 1058 443 in
1074 385 1229 443 mam-s

314 490 420 545 mis,
444 500 517 533 aut
537 485 583 530 in
607 484 722 529 coxis
737 516 750 537 ‚
776 493 849 525 aut
870 478 916 523 in
939 476 1072 522 oculis
1090 511 1103 533 ‚
1133 489 1207 521 aut

313 570 359 614 in
384 566 564 628 genibus
582 598 594 619 ‚
619 575 661 608 et
678 576 765 605 non
784 557 985 618 perdunt.

379 671 449 719 54.
481 658 492 678 ¹
519 651 690 710 Quibus
718 665 764 693 os
793 645 904 692 uteri
933 645 1092 690 durum
1121 653 1210 698 est,

315 736 383 782 his
419 747 592 780 necesse
629 741 691 774 est
727 742 773 772 os
812 723 924 770 uteri
963 726 985 748 ²
1021 721 1214 766 clausum

317 831 424 861 esse.

381 905 451 954 55.
482 895 494 915 ¹
522 888 819 948 Quaecumque
841 880 887 926 in
915 891 1040 925 utero
1061 892 1215 937 geren·-

320 987 385 1018 tes
407 973 432 1016 ὲ
455 967 648 1014 febribus
672 961 962 1020 corripiuntur
983 992 995 1015 ‚
1020 970 1063 1001 et
1084 955 1218 1000 vehe-

320 1060 492 1096 menter
507 1045 803 1095 attenuantur,
818 1038 978 1095 absque
993 1029 1220 1080 manifest&

322 1125 545 1173 occasione
557 1157 570 1178 ‚
588 1116 822 1166 difficulter
837 1103 877 1160 ei
891 1112 1127 1173 pericuiose
1141 1127 1220 1170 pa-

322 1205 442 1252 riunt
454 1238 467 1261 ‚
485 1213 557 1248 aut
574 1194 834 1244 abortientes
851 1190 1160 1252 periclitantur.

389 1293 459 1354 56.
491 1289 536 1335 Si
557 1286 694 1332 fluxui
715 1279 917 1329 muiiebri
937 1277 1158 1325 convulsio
1179 1275 1222 1323 et

325 1370 464 1420 animi
501 1363 743 1424 deiiquium
783 1357 1056 1419 superveniat
1077 1391 1092 1415 ‚
1128 1352 1223 1403 mass'

323 1453 432 1499 ium.

391 1545 461 1591 57.
488 1529 500 1549 ἶ
533 1520 761 1570 Mensibus
791 1512 1097 1577 copiosioribus
1121 1524 1223 1571 pro-

332 1605 566 1657 deuntibus
583 1638 595 1659 ‚
621 1597 763 1646 morbi
783 1595 1040 1653 contingunt
1065 1608 1074 1635 :
1099 1590 1119 1613 ²
1135 1603 1227 1634 non

331 1680 644 1749 prodeuntibus
659 1679 702 1738 ³,
725 1676 779 1724 ab
802 1687 926 1723 utero
944 1672 1057 1717 fiunt
1073 1663 1230 1714 morbi.
