1305 2308
256 195 342 244 224
413 184 642 229 Hrpp.
701 185 1012 232 Arnon.

309 276 384 323 45.
400 262 558 309 Ulcera
565 277 849 322 quaecumque
859 280 1006 310 annua
1015 264 1147 322 fiunt,

251 351 326 385 aut
357 339 527 400 Iongius
561 353 730 400 tempus
766 353 978 401 occupant
1001 376 1015 399 ‚
1062 357 1147 387 ne-

253 431 368 463 cesse
395 431 458 463 est
490 433 538 463 os
571 417 805 465 abscedere
825 454 839 476 ‚
867 421 879 441 ¹
908 432 952 465 et
977 418 1148 466 cicatri-

251 510 321 541 ces
340 511 462 543 eavas
490 495 603 542 fieri.

308 592 383 653 46,
422 596 435 617 ¹
468 593 558 653 Qui
586 593 707 653 gibbi
731 610 784 641 ex
814 596 1047 654 asthmate,
1075 610 1150 644 aut

251 682 350 726 tusfi
367 681 482 728 fiunt
503 693 602 728 ante
625 682 897 742 pubertatem
911 717 925 741 ,
948 697 1151 743 pereunt.

311 805 386 850 47.
413 788 584 848 Quibus
602 806 725 837 venae
747 790 878 837 sectio
899 826 912 849 ‚
944 803 1018 837 aut
1045 809 1151 852 pur-

251 866 367 926 gatio
387 866 620 926 conducit,
648 868 715 915 his
735 885 836 915 vere
854 869 1059 916 convenit
1074 886 1152 917 ve·-

251 960 355 991 nam
374 961 516 991 secare
532 980 545 1002 ,
560 958 632 991 aut
648 945 950 1006 purgationem
962 948 1119 996 facere.

308 1025 381 1084 48.
403 1024 601 1069 Lienosis
622 1024 870 1081 dysenteria
901 1028 920 1050 ³
947 1042 1152 1087 superve-

251 1101 378 1148 niens
392 1137 406 1160 ‚
425 1102 609 1148 bonurn.

308 1206 381 1253 49.
398 1190 487 1250 Qui
506 1189 727 1251 podagrici
746 1190 890 1236 morbi
908 1191 1023 1237 fiunt
1037 1226 1051 1248 ,
1072 1191 1150 1249 hi,

251 1269 400 1315 sedata
410 1268 753 1315 inflammatione
765 1302 778 1326 ‚
795 1267 842 1314 in
866 1269 1153 1330 quadraginta

254 1345 408 1393 diebus
434 1345 670 1392 decedunt.

316 1449 384 1498 50.
404 1434 576 1495 Quibus
601 1434 855 1494 perscissum
878 1436 1009 1482 fuerit
1032 1452 1151 1484 cere-

254 1515 385 1561 brum
402 1519 414 1540 ¹
432 1548 448 1573 ‚
462 1513 527 1559 his
539 1528 712 1560 necesse
731 1527 794 1560 est
811 1514 977 1561 febrem
992 1548 1007 1573 ,
1022 1518 1062 1562 ὃ(
1077 1515 1151 1561 bi·-

257 1592 308 1638 lis
327 1592 539 1639 vomitum
558 1591 850 1652 supervenire.

321 1686 390 1733 51.
407 1671 578 1733 Quibus
595 1670 708 1720 sanis
729 1670 897 1720 doIores
919 1672 1152 1735 derepente
