1305 2308
313 221 395 270 xiv
479 217 1030 268 PRAEFAT10;

313 307 411 358 falli
435 309 653 375 potuisse.
689 304 920 354 Plurimos
944 305 1199 356 Recentio-

312 406 419 437 rum
438 404 574 455 sagax
590 384 805 434 sedulitas
826 384 1009 433 reclusit
1023 399 1199 433 naturae

313 466 466 516 fontes
483 503 498 526 ‚
516 464 714 514 Auctori
731 477 894 512 nostro
912 465 1201 532 incognitos,

311 545 437 595 unde
465 546 669 613 ingentia
700 544 748 590 in
779 541 1070 591 Medicinam
1103 543 1201 590 flu-

310 625 421 673 xere
447 622 713 673 commoda.
750 620 868 670 Dies
901 620 1028 670 diem
1047 621 1200 671 docet.

311 702 407 752 Sed
423 721 477 752 ea
487 720 591 769 quae
604 740 619 763 ‚
631 701 762 750 velut
781 702 1062 767 opinionum
1076 718 1201 749 com-

313 795 474 831 menta
489 818 504 841 ‚
525 795 797 846 temporum
814 781 965 845 spatio
983 797 1080 828 non
1095 797 1203 827 con-

309 860 500 911 tabuere
519 897 537 918 ‚
564 877 652 925 pro
673 871 849 906 naturae
875 856 1054 922 judiciis
1081 858 1203 906 acci-

310 938 482 1007 pienda
514 951 634 986 sunt.
670 936 962 1003 Quanquam
979 937 1095 985 vero
1115 936 1203 985 ali-

309 1036 403 1085 qua
432 1035 487 1066 ex
513 1018 661 1066 veteri
683 1015 925 1064 Medicina
940 1016 1201 1065 recentibus

308 1098 511 1145 inventis
525 1133 540 1156 ‚
559 1094 711 1161 aliqua
730 1096 1027 1161 experientiae
1044 1095 1202 1145 minus

310 1175 468 1225 forsan
500 1190 772 1239 responsare
801 1172 1060 1236 fateamur,
1096 1193 1196 1223 non

308 1256 464 1303 minus
494 1267 651 1301 tamen
670 1291 687 1310 ,
707 1267 784 1301 aut
804 1252 971 1317 injusta
988 1291 1001 1313 ‚
1021 1268 1098 1303 aut
1119 1269 1198 1304 te-

308 1333 505 1382 meraria
541 1331 754 1379 videatur
789 1330 980 1398 Aloysii
1020 1330 1199 1398 Sinapii

308 1411 426 1459 olim
442 1408 618 1459 Medici
636 1408 806 1458 Poloni
823 1412 871 1458 in
894 1409 1200 1476 Hippocratis

309 1488 626 1554 Aphorismos
641 1505 843 1538 censura.
879 1487 971 1536 Hic
988 1488 1102 1536 dum
1117 1507 1200 1537 no·

310 1566 426 1615 dum
466 1567 515 1613 in
556 1568 709 1631 scirpo
751 1568 917 1633 quaerit
955 1567 1198 1616 cavillator

309 1645 535 1711 pessimus
564 1681 578 1703 ‚
615 1644 821 1712 singulos
857 1647 1002 1710 carpit
1026 1682 1041 1704 ‚
1070 1646 1117 1691 in
1146 1644 1194 1693 id

308 1739 460 1774 unum
483 1723 686 1774 intentus
713 1737 763 1772 ut
788 1722 993 1774 antidota
1020 1723 1195 1775 verbo·
