1305 2308
6 1774 11 1831 ἑ

17 1654 23 1687 ἰ

316 206 346 251 S
376 219 404 251 E
436 218 463 251 c
492 220 528 252 T
559 222 576 253 1
606 221 635 255 o
692 211 713 254 Ι
733 211 768 255 Ι.
916 231 969 277 37

91 295 268 338 sequens
308 284 408 328 verb
450 282 583 329 levior
619 284 885 346 pIerumque.

162 423 226 467 14.
257 410 270 432 ¹
297 408 347 452 In
368 407 450 453 aivi
474 409 690 468 profluviis
712 413 967 462 mutationes

90 497 453 530 excrementorum
472 485 623 544 juvant
636 524 651 546 ,
665 495 684 517 ‘²
701 490 784 536 nisi
810 491 856 537 in
871 510 963 553 pra-

87 577 140 608 va
169 575 402 609 mutentur.

149 697 214 744 15·
240 684 252 706 ¹
280 682 369 728 Ubi
394 684 530 730 fauces
556 699 784 745 aegrotant,
800 702 872 736 aut
891 702 962 738 tu-

84 756 256 804 bercula
289 758 334 804 in
373 776 546 819 corpore
578 763 826 810 exoriuntur
842 800 856 822 ,
883 783 962 813 ex-

82 835 288 881 cretiones
311 836 516 895 inspicere
545 852 741 897 oportet:
780 843 814 886 si
848 843 964 890 enim

82 900 244 957 biliosae'
278 913 456 970 fuerint,
481 930 630 975 corpus
652 918 739 963 un&
762 932 961 976 aegrotat:

80 990 117 1031 si
138 989 238 1032 verb
262 987 416 1033 similes
436 989 547 1054 sanis
566 991 673 1035 fiant
688 1025 704 1048 ‚
723 1003 864 1039 tutum
898 1007 963 1040 est

82 1076 231 1122 corpus
250 1063 426 1109 nutrire.

145 1143 210 1190 16.-
227 1143 345 1190 ³Ubi
368 1144 498 1191 fames
508 1180 523 1203 ,
550 1162 638 1192 non
656 1160 821 1207 oportet
835 1149 959 1199 labo-

83 1227 189 1257 rare.

142 1295 236 1353 17.³
252 1291 341 1338 Ubi
360 1293 480 1340 cibus
503 1308 655 1355 praeter
670 1311 864 1343 naturam
886 1315 959 1345 co-

78 1367 232 1427 piosior
257 1369 464 1427 ingressus
497 1372 623 1417 fiaerit
643 1407 656 1429 ,
688 1373 736 1419 id
757 1374 956 1421 mox-hum

78 1444 193 1490 facit.
213 1445 413 1491 Ostendit
429 1460 569 1494 autem
591 1450 765 1496 sanatio.

141 1522 205 1566 18.
234 1521 392 1567 Eorum
414 1539 507 1581 quae
533 1525 755 1571 confertim
780 1540 820 1572 et
845 1528 955 1574 cele-

80 1598 182 1645 riter
197 1600 393 1648 nutriunt
408 1603 562 1650 celeres
578 1605 705 1651 etiam
717 1607 828 1652 fiunt
840 1623 956 1671 eges-

6 1702 23 1735 22
84 1674 232 1723 tiones·

715 1749 759 1795 G
