1305 2308
271 225 307 274 P
341 236 378 275 R
413 239 465 274 ΑΞ
502 237 529 272 F
565 238 599 271 A
636 237 668 270 τ
703 234 723 269 1
761 233 812 268 0.
918 232 982 266 xv

105 307 162 355 sis
190 319 348 354 ornata
379 302 580 367 strophis
597 338 611 359 ‚
639 295 855 347 medendi
875 311 983 343 me-

104 383 283 440 thodo,
305 384 400 429 sine
421 379 512 446 qua
534 377 767 426 Medicina
782 376 984 423 rationa-

103 462 158 510 lis
187 461 312 509 nulla
336 473 402 507 est
422 497 437 519 ‚
462 457 702 506 substituat
727 475 737 504 ε
765 454 955 501 demens
970 487 986 509 ‚

103 543 184 608 qui
208 539 322 587 dum
343 535 585 587 salutiferae
603 533 733 601 Artis
755 543 986 598 praecepta

103 617 365 668 convellere
394 613 531 664 audet
558 652 573 674 ‚
608 611 750 660 fidem
777 609 862 658 sibi
893 608 982 657 de·-

105 711 237 765 rogat
248 735 262 756 ‚
277 696 404 761 quasi
418 693 644 758 postremi
657 687 987 738 tantummodi)

106 777 197 823 aevi
208 771 515 837 Scriptoribus
528 768 817 816 Medicinam
829 780 991 814 natura

108 851 409 900 reservaverit
429 867 442 908 3
466 864 606 912 quam
627 844 786 893 contra
813 862 867 892 ex
891 842 990 908 ipsa

108 929 405 978 humanitatis
422 923 689 972 infirmitate
708 921 991 969 sobolescen-

111 1021 207 1055 tem
238 1042 253 1064 ,
287 1001 522 1071 grandaevi
557 999 808 1047 Medicinae
838 996 991 1045 Patres

108 1080 425 1150 adaugendam
456 1116 471 1138 ‚
505 1076 833 1144 perficiendam
863 1114 878 1137 ,
912 1074 993 1124 sed

108 1160 369 1209 nullatenus
384 1155 715 1205 inveniendam
727 1154 990 1220 Nepotibus

109 1235 418 1287 transmisere.
430 1233 733 1299 Quicumque
751 1235 876 1280 enim
891 1231 994 1280 solo

111 1316 314 1365 veritatis
336 1331 495 1362 amore
515 1312 640 1360 ducti
661 1350 676 1372 .‚
710 1313 816 1360 huic
842 1312 993 1358 scien—

114 1395 192 1441 tiae
218 1394 427 1441 animum
453 1389 714 1457 applicuere
735 1392 908 1438 mirum
930 1400 997 1437 est

116 1483 343 1536 quantum
356 1471 473 1517 inter
483 1486 530 1516 se
542 1470 847 1527 consentiant,
859 1482 998 1532 quan-

117 1547 165 1595 ta
191 1546 437 1595 concordia
462 1545 658 1595 Auctori
677 1558 838 1594 nostro
862 1544 999 1592 debi-

119 1638 186 1672 tas
200 1623 491 1689 rependerim
509 1623 797 1688 laudes.Quo
812 1621 1001 1688 quidem

122 1719 275 1752 rerum
305 1717 490 1770 aspectu
510 1741 524 1765 ‚
556 1719 738 1753 novum
774 1700 909 1749 decus
940 1698 998 1747 il·-

746 1797 772 1828 c
801 1777 830 1844 ij
