1305 2308
313 205 416 249 AD
469 202 846 248 INDICEM.
937 217 1014 260 303

141 298 205 332 to,
249 280 469 348 Denique
503 281 668 348 quibus
693 285 1018 347 superveniens

138 369 311 418 morbis
349 370 511 417 eosdem
532 368 710 426 solvat,
744 366 907 418 refero,
925 365 1019 415 Ul-

137 459 255 507 time)
301 457 474 523 Species
523 457 670 504 varias
718 454 740 523 (
766 458 813 502 in
853 453 1019 520 quibus

136 543 380 592 tractandis
413 542 574 591 eadem
606 544 774 590 iterum
809 554 1017 589 servatur

137 629 421 698 methodus)
453 629 588 679 addo.
627 629 687 678 Et
708 631 744 678 si
761 647 864 696 quae
881 645 1017 696 supra

137 719 226 766 haec
245 732 486 768 occurrant
502 755 516 778 ,
533 716 708 781 adjicio.

205 805 390 853 Verhm
410 804 466 852 de
483 805 616 853 omni
636 801 801 851 affectu
820 801 919 851 haec
933 803 1019 850 sin-

138 892 246 960 gula
276 891 554 959 conjungere
602 889 831 940 volumen
875 888 1019 937 breve

135 994 275 1031 vetat.

202 1066 308 1115 Jam
340 1067 377 1113 si
412 1064 524 1130 quid
552 1065 598 1112 in
623 1063 772 1110 indice
792 1064 1018 1110 omissum

133 1168 295 1220 putes,
319 1155 367 1200 in
391 1152 482 1199 alio
509 1150 556 1198 id
584 1166 738 1216 quaere
766 1151 915 1214 capite
931 1187 945 1209 ‚
971 1162 1017 1196 et

133 1239 328 1289 fortasse
345 1257 443 1287 non
463 1237 630 1286 frustra
649 1235 820 1284 feceris.
860 1233 908 1282 Si
939 1248 1018 1283 ta-

134 1344 245 1375 men
268 1325 394 1374 idem
416 1323 622 1390 pluribus
642 1335 831 1370 notetur
856 1322 904 1367 '1n
932 1319 1014 1367 lo·-

82 1433 91 1441 ’
133 1414 230 1473 cis,
252 1430 411 1478 quaeso
433 1449 447 1471 ,
485 1428 545 1459 ne
581 1409 629 1457 id
658 1407 875 1458 offendat.
909 1406 1019 1456 Tua

135 1503 262 1550 enim
289 1499 433 1569 grati&
458 1498 506 1546 id
529 1499 777 1564 repetitum
806 1510 872 1544 est
895 1513 907 1545 ε
940 1508 1018 1543 at-

134 1606 227 1656 que
258 1587 405 1636 decies
436 1585 691 1636 redundare
711 1622 727 1645 ‚
769 1583 912 1649 quem
944 1599 1018 1629 se-

137 1677 231 1727 mel
252 1675 443 1728 deficere
459 1713 475 1739 ,
498 1674 623 1726 malo
641 1674 799 1723 sciens.
818 1668 1013 1719 Ordinis

706 1750 744 1795 E
759 1765 780 1794 e
794 1764 816 1794 e
844 1746 878 1805 ij
