1305 2308
266 245 344 291 162
416 244 646 290 HIPP.
703 240 1015 288 ApuoR.

261 325 377 371 tibus
390 324 465 370 has
482 322 605 369 affert
625 335 759 366 noxas
778 338 789 366 :
817 322 828 342 ¹
849 321 870 343 ³
883 320 1022 368 carnis
1037 321 1151 367 effoe-

259 404 545 451 minationem
556 436 570 459 ,
584 416 817 447 nervorum
830 399 1127 460 impotentiam
1137 433 1152 456 ,

261 483 420 530 mentis
450 495 694 541 torporem,
721 480 743 513 b
765 477 986 539 sanguinis
1021 493 1152 537 erup-

260 564 401 608 tiones
424 596 438 619 ,
466 562 485 584 ²
515 558 650 607 animi
680 557 899 617 deliquia:
924 557 1017 602 haec
1057 556 1156 616 qui-

259 641 343 689 bus
364 657 495 687 mors.

325 746 394 791 17.
426 727 655 787 Frigidum
673 731 691 754 ὅ
711 738 856 772 autem
875 761 886 782 ‚
913 723 1157 771 convulsio-

264 824 340 854 nes
359 843 373 866 ,
395 820 562 854 tetanos
575 840 589 863 ‚
609 804 822 865 nigrores,
838 817 880 851 et
902 804 1062 864 rigores
1089 803 1155 848 fe-

260 887 409 933 briles.

328 968 395 1012 18.
425 964 653 1024 Frigidum
674 967 693 990 ²
715 962 941 1009 inimicum
963 961 1126 1007 ossiBus
1145 995 1159 1017 ‚

265 1044 471 1090 dentibus
493 1078 507 1100 ,
541 1043 683 1090 nervis
705 1077 719 1100 ‚
763 1042 940 1088 cerebro
958 1076 971 1098 ‚
1008 1039 1161 1100 spinaii

265 1122 469 1170 medussae
489 1139 501 1167 ι
522 1121 711 1167 calidum
732 1121 836 1166 vero
876 1120 995 1166 utile.

331 1218 398 1264 ¹9·
419 1201 530 1260 Quae
554 1199 833 1260 perfrigerata
849 1210 951 1243 sunt
966 1233 979 1254 ,
995 1198 1162 1244 excale-

264 1281 405 1327 faeere
437 1290 607 1339 oportet
635 1313 649 1335 ‚
687 1283 699 1304 ¹
742 1278 1028 1338 praeterquam
1065 1293 1161 1337 quae

265 1357 521 1418 sanguinem
541 1354 835 1416 profundunt,
853 1367 925 1401 aut
944 1367 1045 1401 sunt
1061 1372 1162 1416 pro-

264 1439 427 1485 fusura.

305 1531 378 1562 20.
386 1513 615 1562 Ulceribus
633 1513 838 1574 frigidum
856 1513 1032 1574 quidem
1053 1529 1164 1560 mor-

271 1595 357 1640 dax
373 1629 387 1651 ,
409 1596 430 1619 ³
456 1606 599 1640 cutem
619 1593 830 1652 obdurat,
855 1594 1048 1640 dolorem
1070 1611 1160 1641 non

270 1685 580 1732 suppurantem
599 1672 730 1730 facit,
754 1673 946 1733 nigrores
964 1707 977 1730 ,
1002 1672 1162 1732 rigores

271 1749 443 1798 febriies
458 1785 473 1811 ‚
498 1750 796 1799 convuIsiones
813 1787 827 1811 ‚
848 1764 891 1799 et
910 1764 1089 1798 tetanos.
