1305 2308
300 234 620 280 Ss0T1o
678 235 781 283 IV.
892 255 966 299 123

87 322 129 358 te
151 317 171 340 ³
209 310 437 358 difficultas
465 313 654 372 spirandi
698 327 741 360 et
773 313 972 362 delirium

87 391 161 446 fit,
182 391 352 437 IethaIe.

143 482 189 527 51
199 501 210 514 .
227 469 276 514 In
298 468 487 514 febribus
502 468 715 515 abscessus
727 503 740 526 ,
753 474 771 496 ¹²
786 469 964 529 quinon

82 545 303 592 solvuntur
311 546 366 592 ad
377 547 532 606 primas
543 547 826 604 judicationes
837 581 850 605 ,
860 564 969 594 mor-

79 621 128 667 bi
141 622 457 682 longitudinem
476 623 736 682 significant.

140 714 206 761 52.
228 700 500 760 Quicumque
522 700 569 746 in
590 701 783 747 febribus
799 735 812 758 ‚
831 713 904 746 aut
920 701 966 748 in

80 777 241 823 caeteris
272 777 596 823 infirmitatibus
620 812 633 834 ‚
672 794 723 823 ex
751 781 967 838 proposito

75 854 99 912 (
114 853 142 898 i.
153 870 198 901 -e.
218 855 264 898 ob
282 855 469 912 causam)
485 854 831 914 lacrymantura,
857 855 966 901 nihil

77 928 411 995 inconveniens:
438 933 448 953 ¹
474 931 548 989 qui
580 933 680 977 verb
692 948 780 977 non
801 949 852 978 ex
872 949 967 992 pro-

77 1007 240 1067 posito,
269 1007 401 1067 magis
421 1007 745 1054 inconveniens.

138 1107 205 1153 53.
235 1093 404 1152 Quibus
424 1094 470 1139 in
491 1094 610 1140 febro
629 1095 684 1141 ad
705 1093 855 1142 dentes
875 1095 963 1142 vis-

0 1200 4 1211 ι
75 1185 173 1219 cosa
204 1176 223 1198 ἃ
255 1172 652 1219 circumnascuntur
671 1207 685 1231 ‚
718 1175 784 1218 his
825 1174 964 1220 febres

77 1248 191 1294 fiunt
211 1249 563 1295 vehementiores·

135 1348 201 1394 54.
219 1335 385 1393 Quibus
400 1336 474 1381 diu
494 1349 624 1382 tusses
644 1337 766 1393 sicoae
789 1342 808 1364 ³
821 1372 834 1394 ‚
856 1353 963 1397 pau-

0 1434 8 1444 ·
73 1410 164 1456 lum
179 1411 387 1458 irritantes
401 1448 414 1469 ‚
429 1413 474 1458 in
492 1414 682 1461 febribus
698 1415 963 1474 ardentibus,

0 1510 9 1524 ·
74 1503 162 1538 non
186 1489 422 1535 admodum
449 1489 652 1536 siticulosi
674 1504 788 1537 sunt.

131 1665 197 1712 55.
228 1653 278 1697 In
308 1653 556 1700 bubonibus
588 1655 729 1700 febres
751 1689 765 1712 ‚
808 1670 958 1703 onmes

70 1729 214 1788 malae,
243 1744 396 1789 praeter
417 1732 434 1754 ³
457 1732 720 1793 ephemeras.

681 1806 776 1867 xij
