1305 2308
303 239 388 272 212
445 227 489 273 11
520 240 538 270 1
571 240 598 274 P
630 239 675 274 P.
737 228 782 273 J&
815 241 842 274 P
874 241 907 274 11
939 242 969 274 o
1002 241 1050 275 Β,

364 305 407 351 6.
436 306 610 353 Renum
633 318 675 353 et
702 307 854 354 vesicae
884 308 1052 354 dolores
1074 307 1194 353 diffi-

307 383 445 430 culter
459 399 666 432 sanantur
684 388 727 432 in
747 387 936 433 senibus.

367 480 411 522 7.
451 464 635 513 Doiores
670 465 744 524 qui
781 466 828 511 in
865 477 1016 512 ventre
1054 465 1197 521 fiunt,

308 533 408 579 elati
430 535 606 593 quidem
629 572 642 594 ,
658 537 838 583 leviores
862 556 874 585 ς
896 554 987 584 non
1008 536 1199 584 eIative-

307 613 358 658 rb
371 647 386 670 ‚
406 615 765 662 vehementiores.

369 706 413 750 8.
455 703 718 765 Hydropieis
756 704 901 750 ulcera
933 704 980 750 in
1025 720 1202 764 corpore

309 806 404 839 orta
423 792 442 816 ²
461 810 552 838 non
570 793 694 839 facile
713 807 935 839 sanantur.

371 897 415 943 9.
446 881 785 929 Efflorescentiae
819 883 917 928 latae
945 897 1036 927 non
1056 881 1206 927 admo-

316 960 423 1008 dum
437 962 737 1021 pruriginosae.

378 1067 445 1097 10.
476 1052 619 1110 Caput
641 1053 659 1075 ³
680 1049 894 1095 {ahoi-anti
913 1084 926 1105 ,
957 1051 997 1094 &
1019 1048 1207 1095 eircum-

313 1120 427 1165 circa
446 1119 633 1175 dolenti,
651 1135 732 1178 pus
744 1153 757 1175 ‚
776 1132 850 1163 aut
869 1134 979 1176 aqua
991 1151 1003 1173 ‚
1019 1130 1092 1162 aut
1105 1133 1209 1162 san—

246 1231 249 1239 s
313 1189 407 1249 guis
435 1188 616 1234 effluens
647 1204 723 1247 per
751 1202 873 1231 nares
892 1221 904 1242 ,
934 1199 1007 1230 aut
1029 1201 1105 1243 per
1128 1200 1173 1229 os
1193 1217 1207 1240 ,

315 1270 389 1304 aut
406 1273 483 1317 per
498 1272 619 1304 aures
634 1290 649 1313 ,
670 1254 797 1302 solvit
815 1253 1033 1299 morbum.

383 1353 398 1380 1
414 1353 449 1380 1.
481 1332 808 1380 Meianeholicis
827 1366 840 1388 ,
863 1344 905 1376 et
926 1330 1175 1391 nephriticis
1195 1364 1210 1388 ‚

315 1412 662 1460 haemorrho'ides
707 1409 1058 1470 supervenientes
1081 1444 1095 1466 ‚
1125 1409 1210 1455 bo·-

316 1509 440 1538 num.

378 1585 444 1616 12.
468 1569 543 1615 Ab
564 1568 922 1614 haemorroidibus
941 1577 1088 1613 sanato
1111 1565 1212 1611 diu-

318 1650 481 1706 turnis,
497 1649 577 1694 nisi
595 1665 684 1694 una
694 1659 860 1694 servata
880 1646 1030 1701 fuerit,
1048 1642 1212 1704 pericu-

313 1728 406 1775 lum
424 1731 442 1754 ἃ
467 1743 598 1775 estne
613 1728 803 1789 hydrops
824 1723 1115 1787 superveniat,
1137 1733 1211 1769 aut

319 1806 453 1853 tabes·
